<ALLLEDGERENTRIES.LIST>
							<LEDGERNAME>Clinic Patient Dr. Anupam Daltonganj</LEDGERNAME>
							<REMOVEZEROENTRIES>
								NO
							</REMOVEZEROENTRIES>
							<LEDGERFROMITEM>
								NO
							</LEDGERFROMITEM>
							<ISDEEMEDPOSITIVE>YES</ISDEEMEDPOSITIVE>
							<AMOUNT>-1146.87</AMOUNT>
							</ALLLEDGERENTRIES.LIST>