<ALLLEDGERENTRIES.LIST>
							<LEDGERNAME>Output CGST %</LEDGERNAME>
							<REMOVEZEROENTRIES>
								NO
							</REMOVEZEROENTRIES>
							<LEDGERFROMITEM>
								NO
							</LEDGERFROMITEM>
							<ISDEEMEDPOSITIVE>YES</ISDEEMEDPOSITIVE>
							<AMOUNT>-18.72</AMOUNT>
							</ALLLEDGERENTRIES.LIST>