<ALLLEDGERENTRIES.LIST>
							<LEDGERNAME>Procedure</LEDGERNAME>
							<REMOVEZEROENTRIES>
								NO
							</REMOVEZEROENTRIES>
							<LEDGERFROMITEM>
								NO
							</LEDGERFROMITEM>
							<ISDEEMEDPOSITIVE>NO</ISDEEMEDPOSITIVE>
							<AMOUNT>2900.0</AMOUNT>
							</ALLLEDGERENTRIES.LIST>