<ALLLEDGERENTRIES.LIST>
							<LEDGERNAME>Uroflowmetry</LEDGERNAME>
							<REMOVEZEROENTRIES>
								NO
							</REMOVEZEROENTRIES>
							<LEDGERFROMITEM>
								NO
							</LEDGERFROMITEM>
							<ISDEEMEDPOSITIVE>NO</ISDEEMEDPOSITIVE>
							<AMOUNT>1800.0</AMOUNT>
							</ALLLEDGERENTRIES.LIST>