<ALLLEDGERENTRIES.LIST>
							<LEDGERNAME>LAB CHARGES(REF. BY DR. RASHMI)</LEDGERNAME>
							<REMOVEZEROENTRIES>
								NO
							</REMOVEZEROENTRIES>
							<LEDGERFROMITEM>
								NO
							</LEDGERFROMITEM>
							<ISDEEMEDPOSITIVE>NO</ISDEEMEDPOSITIVE>
							<AMOUNT>2650</AMOUNT>
							</ALLLEDGERENTRIES.LIST>