<ALLLEDGERENTRIES.LIST>
							<LEDGERNAME>Clinic Patient Dr. Anupam</LEDGERNAME>
							<REMOVEZEROENTRIES>
								NO
							</REMOVEZEROENTRIES>
							<LEDGERFROMITEM>
								NO
							</LEDGERFROMITEM>
							<ISDEEMEDPOSITIVE>YES</ISDEEMEDPOSITIVE>
							<AMOUNT>-140.16</AMOUNT>
							</ALLLEDGERENTRIES.LIST>