<ALLLEDGERENTRIES.LIST>
							<LEDGERNAME>Building Under Construction</LEDGERNAME>
							<REMOVEZEROENTRIES>
								NO
							</REMOVEZEROENTRIES>
							<LEDGERFROMITEM>
								NO
							</LEDGERFROMITEM>
							<ISDEEMEDPOSITIVE>
								NO
							</ISDEEMEDPOSITIVE>
							<AMOUNT>-1030</AMOUNT>
							</ALLLEDGERENTRIES.LIST>