<ALLLEDGERENTRIES.LIST>
							<LEDGERNAME>Cash</LEDGERNAME>
							<REMOVEZEROENTRIES>
								NO
							</REMOVEZEROENTRIES>
							<LEDGERFROMITEM>
								NO
							</LEDGERFROMITEM>
							<ISDEEMEDPOSITIVE>
								NO
							</ISDEEMEDPOSITIVE>
							<AMOUNT>1020</AMOUNT>
							</ALLLEDGERENTRIES.LIST>