<ALLLEDGERENTRIES.LIST>
							<LEDGERNAME>SHANKAR </LEDGERNAME>
							<REMOVEZEROENTRIES>
								NO
							</REMOVEZEROENTRIES>
							<LEDGERFROMITEM>
								NO
							</LEDGERFROMITEM>
							<ISDEEMEDPOSITIVE>YES</ISDEEMEDPOSITIVE>
							<AMOUNT>-5407.0</AMOUNT>
							</ALLLEDGERENTRIES.LIST>