<ALLLEDGERENTRIES.LIST>
							<LEDGERNAME>RAMESH MAHTO</LEDGERNAME>
							<REMOVEZEROENTRIES>
								NO
							</REMOVEZEROENTRIES>
							<LEDGERFROMITEM>
								NO
							</LEDGERFROMITEM>
							<ISDEEMEDPOSITIVE>YES</ISDEEMEDPOSITIVE>
							<AMOUNT>-345.0</AMOUNT>
							</ALLLEDGERENTRIES.LIST>