<ALLLEDGERENTRIES.LIST>
							<LEDGERNAME>CTG CHARGES ( REFF. BY DR. RASHMI)</LEDGERNAME>
							<REMOVEZEROENTRIES>
								NO
							</REMOVEZEROENTRIES>
							<LEDGERFROMITEM>
								NO
							</LEDGERFROMITEM>
							<ISDEEMEDPOSITIVE>YES</ISDEEMEDPOSITIVE>
							<AMOUNT>0</AMOUNT>
							</ALLLEDGERENTRIES.LIST>