<ALLLEDGERENTRIES.LIST>
							<LEDGERNAME>SANTOSH KUMAR SAHU</LEDGERNAME>
							<REMOVEZEROENTRIES>
								NO
							</REMOVEZEROENTRIES>
							<LEDGERFROMITEM>
								NO
							</LEDGERFROMITEM>
							<ISDEEMEDPOSITIVE>NO</ISDEEMEDPOSITIVE>
							<AMOUNT>10000.0</AMOUNT>
							</ALLLEDGERENTRIES.LIST>