<ALLLEDGERENTRIES.LIST>
							<LEDGERNAME>CHANDAN KUMAR MAHTO</LEDGERNAME>
							<REMOVEZEROENTRIES>
								NO
							</REMOVEZEROENTRIES>
							<LEDGERFROMITEM>
								NO
							</LEDGERFROMITEM>
							<ISDEEMEDPOSITIVE>YES</ISDEEMEDPOSITIVE>
							<AMOUNT>-525.0</AMOUNT>
							</ALLLEDGERENTRIES.LIST>