<ALLLEDGERENTRIES.LIST>
							<LEDGERNAME>SARVJEET KUMAR</LEDGERNAME>
							<REMOVEZEROENTRIES>
								NO
							</REMOVEZEROENTRIES>
							<LEDGERFROMITEM>
								NO
							</LEDGERFROMITEM>
							<ISDEEMEDPOSITIVE>YES</ISDEEMEDPOSITIVE>
							<AMOUNT>-6000.0</AMOUNT>
							</ALLLEDGERENTRIES.LIST>