<ALLLEDGERENTRIES.LIST>
							<LEDGERNAME>ROHIT KUMAR</LEDGERNAME>
							<REMOVEZEROENTRIES>
								NO
							</REMOVEZEROENTRIES>
							<LEDGERFROMITEM>
								NO
							</LEDGERFROMITEM>
							<ISDEEMEDPOSITIVE>YES</ISDEEMEDPOSITIVE>
							<AMOUNT>-1950.0</AMOUNT>
							</ALLLEDGERENTRIES.LIST>