<ALLLEDGERENTRIES.LIST>
							<LEDGERNAME>Salary-Chandan Mishra</LEDGERNAME>
							<REMOVEZEROENTRIES>
								NO
							</REMOVEZEROENTRIES>
							<LEDGERFROMITEM>
								NO
							</LEDGERFROMITEM>
							<ISDEEMEDPOSITIVE>YES</ISDEEMEDPOSITIVE>
							<AMOUNT>-8000</AMOUNT>
							</ALLLEDGERENTRIES.LIST>