<ALLLEDGERENTRIES.LIST>
							<LEDGERNAME>Salary-Rani</LEDGERNAME>
							<REMOVEZEROENTRIES>
								NO
							</REMOVEZEROENTRIES>
							<LEDGERFROMITEM>
								NO
							</LEDGERFROMITEM>
							<ISDEEMEDPOSITIVE>YES</ISDEEMEDPOSITIVE>
							<AMOUNT>-6000</AMOUNT>
							</ALLLEDGERENTRIES.LIST>