<ALLLEDGERENTRIES.LIST>
							<LEDGERNAME>Salary-Anupam Sinha</LEDGERNAME>
							<REMOVEZEROENTRIES>
								NO
							</REMOVEZEROENTRIES>
							<LEDGERFROMITEM>
								NO
							</LEDGERFROMITEM>
							<ISDEEMEDPOSITIVE>YES</ISDEEMEDPOSITIVE>
							<AMOUNT>-9500</AMOUNT>
							</ALLLEDGERENTRIES.LIST>