<ALLLEDGERENTRIES.LIST>
							<LEDGERNAME>Cash on Hand</LEDGERNAME>
							<REMOVEZEROENTRIES>
								NO
							</REMOVEZEROENTRIES>
							<LEDGERFROMITEM>
								NO
							</LEDGERFROMITEM>
							<ISDEEMEDPOSITIVE>NO</ISDEEMEDPOSITIVE>
							<AMOUNT>8000</AMOUNT>
							</ALLLEDGERENTRIES.LIST>