<ALLLEDGERENTRIES.LIST>
							<LEDGERNAME>Salary-Rakesh Kumar</LEDGERNAME>
							<REMOVEZEROENTRIES>
								NO
							</REMOVEZEROENTRIES>
							<LEDGERFROMITEM>
								NO
							</LEDGERFROMITEM>
							<ISDEEMEDPOSITIVE>YES</ISDEEMEDPOSITIVE>
							<AMOUNT>-7000</AMOUNT>
							</ALLLEDGERENTRIES.LIST>