<ALLLEDGERENTRIES.LIST>
							<LEDGERNAME>SHINKU KUMAR SINGH</LEDGERNAME>
							<REMOVEZEROENTRIES>
								NO
							</REMOVEZEROENTRIES>
							<LEDGERFROMITEM>
								NO
							</LEDGERFROMITEM>
							<ISDEEMEDPOSITIVE>YES</ISDEEMEDPOSITIVE>
							<AMOUNT>-212.0</AMOUNT>
							</ALLLEDGERENTRIES.LIST>