<ALLLEDGERENTRIES.LIST>
							<LEDGERNAME>ARUN SAHU</LEDGERNAME>
							<REMOVEZEROENTRIES>
								NO
							</REMOVEZEROENTRIES>
							<LEDGERFROMITEM>
								NO
							</LEDGERFROMITEM>
							<ISDEEMEDPOSITIVE>YES</ISDEEMEDPOSITIVE>
							<AMOUNT>-260.0</AMOUNT>
							</ALLLEDGERENTRIES.LIST>