<ALLLEDGERENTRIES.LIST>
							<LEDGERNAME>AMIT KUMAR SONKAR</LEDGERNAME>
							<REMOVEZEROENTRIES>
								NO
							</REMOVEZEROENTRIES>
							<LEDGERFROMITEM>
								NO
							</LEDGERFROMITEM>
							<ISDEEMEDPOSITIVE>YES</ISDEEMEDPOSITIVE>
							<AMOUNT>-30.0</AMOUNT>
							</ALLLEDGERENTRIES.LIST>