<ALLLEDGERENTRIES.LIST>
							<LEDGERNAME>RAJESH KUMAR</LEDGERNAME>
							<REMOVEZEROENTRIES>
								NO
							</REMOVEZEROENTRIES>
							<LEDGERFROMITEM>
								NO
							</LEDGERFROMITEM>
							<ISDEEMEDPOSITIVE>YES</ISDEEMEDPOSITIVE>
							<AMOUNT>-32.0</AMOUNT>
							</ALLLEDGERENTRIES.LIST>