<ALLLEDGERENTRIES.LIST>
							<LEDGERNAME>ASHA DEVI</LEDGERNAME>
							<REMOVEZEROENTRIES>
								NO
							</REMOVEZEROENTRIES>
							<LEDGERFROMITEM>
								NO
							</LEDGERFROMITEM>
							<ISDEEMEDPOSITIVE>NO</ISDEEMEDPOSITIVE>
							<AMOUNT>2100.0</AMOUNT>
							</ALLLEDGERENTRIES.LIST>