<ALLLEDGERENTRIES.LIST>
							<LEDGERNAME>Bank Charges</LEDGERNAME>
							<REMOVEZEROENTRIES>
								NO
							</REMOVEZEROENTRIES>
							<LEDGERFROMITEM>
								NO
							</LEDGERFROMITEM>
							<ISDEEMEDPOSITIVE>YES</ISDEEMEDPOSITIVE>
							<AMOUNT>-1865.27</AMOUNT>
							</ALLLEDGERENTRIES.LIST>