<ALLLEDGERENTRIES.LIST>
							<LEDGERNAME>AJAY SHANKAR MAHTO</LEDGERNAME>
							<REMOVEZEROENTRIES>
								NO
							</REMOVEZEROENTRIES>
							<LEDGERFROMITEM>
								NO
							</LEDGERFROMITEM>
							<ISDEEMEDPOSITIVE>YES</ISDEEMEDPOSITIVE>
							<AMOUNT>-12.0</AMOUNT>
							</ALLLEDGERENTRIES.LIST>