<ALLLEDGERENTRIES.LIST>
							<LEDGERNAME>Investigation</LEDGERNAME>
							<REMOVEZEROENTRIES>
								NO
							</REMOVEZEROENTRIES>
							<LEDGERFROMITEM>
								NO
							</LEDGERFROMITEM>
							<ISDEEMEDPOSITIVE>NO</ISDEEMEDPOSITIVE>
							<AMOUNT>2700.0</AMOUNT>
							</ALLLEDGERENTRIES.LIST>