<ALLLEDGERENTRIES.LIST>
							<LEDGERNAME>IPD Income</LEDGERNAME>
							<REMOVEZEROENTRIES>
								NO
							</REMOVEZEROENTRIES>
							<LEDGERFROMITEM>
								NO
							</LEDGERFROMITEM>
							<ISDEEMEDPOSITIVE>NO</ISDEEMEDPOSITIVE>
							<AMOUNT>7000.0</AMOUNT>
							</ALLLEDGERENTRIES.LIST>