<ALLLEDGERENTRIES.LIST>
							<LEDGERNAME>Clinic Pharmacy Sale Daltonganj  (REF. BY DR. ANUPAM)</LEDGERNAME>
							<REMOVEZEROENTRIES>
								NO
							</REMOVEZEROENTRIES>
							<LEDGERFROMITEM>
								NO
							</LEDGERFROMITEM>
							<ISDEEMEDPOSITIVE>YES</ISDEEMEDPOSITIVE>
							<AMOUNT>-619.06</AMOUNT>
							</ALLLEDGERENTRIES.LIST>