<ALLLEDGERENTRIES.LIST>
							<LEDGERNAME>Clinic Patient Dr. Anupam Daltonganj</LEDGERNAME>
							<REMOVEZEROENTRIES>
								NO
							</REMOVEZEROENTRIES>
							<LEDGERFROMITEM>
								NO
							</LEDGERFROMITEM>
							<ISDEEMEDPOSITIVE>NO</ISDEEMEDPOSITIVE>
							<AMOUNT>508.5</AMOUNT>
							</ALLLEDGERENTRIES.LIST>