<ALLLEDGERENTRIES.LIST>
							<LEDGERNAME>SHANKAR</LEDGERNAME>
							<REMOVEZEROENTRIES>
								NO
							</REMOVEZEROENTRIES>
							<LEDGERFROMITEM>
								NO
							</LEDGERFROMITEM>
							<ISDEEMEDPOSITIVE>YES</ISDEEMEDPOSITIVE>
							<AMOUNT>-4379.0</AMOUNT>
							</ALLLEDGERENTRIES.LIST>