<ALLLEDGERENTRIES.LIST>
							<LEDGERNAME>ASHUTOSH</LEDGERNAME>
							<REMOVEZEROENTRIES>
								NO
							</REMOVEZEROENTRIES>
							<LEDGERFROMITEM>
								NO
							</LEDGERFROMITEM>
							<ISDEEMEDPOSITIVE>NO</ISDEEMEDPOSITIVE>
							<AMOUNT>6000.0</AMOUNT>
							</ALLLEDGERENTRIES.LIST>