<ALLLEDGERENTRIES.LIST>
							<LEDGERNAME>SAMSER NARIYAL PANI</LEDGERNAME>
							<REMOVEZEROENTRIES>
								NO
							</REMOVEZEROENTRIES>
							<LEDGERFROMITEM>
								NO
							</LEDGERFROMITEM>
							<ISDEEMEDPOSITIVE>YES</ISDEEMEDPOSITIVE>
							<AMOUNT>-60.0</AMOUNT>
							</ALLLEDGERENTRIES.LIST>