<ALLLEDGERENTRIES.LIST>
							<LEDGERNAME>ARCHANA KUMARI</LEDGERNAME>
							<REMOVEZEROENTRIES>
								NO
							</REMOVEZEROENTRIES>
							<LEDGERFROMITEM>
								NO
							</LEDGERFROMITEM>
							<ISDEEMEDPOSITIVE>NO</ISDEEMEDPOSITIVE>
							<AMOUNT>6300.0</AMOUNT>
							</ALLLEDGERENTRIES.LIST>