<ALLLEDGERENTRIES.LIST>
							<LEDGERNAME>Clinic Patient Dr- Anupam</LEDGERNAME>
							<REMOVEZEROENTRIES>
								NO
							</REMOVEZEROENTRIES>
							<LEDGERFROMITEM>
								NO
							</LEDGERFROMITEM>
							<ISDEEMEDPOSITIVE>NO</ISDEEMEDPOSITIVE>
							<AMOUNT>995</AMOUNT>
							</ALLLEDGERENTRIES.LIST>