<ALLLEDGERENTRIES.LIST>
							<LEDGERNAME>Clinic Pharmacy Sale (REF- BY DR- ANUPAM)</LEDGERNAME>
							<REMOVEZEROENTRIES>
								NO
							</REMOVEZEROENTRIES>
							<LEDGERFROMITEM>
								NO
							</LEDGERFROMITEM>
							<ISDEEMEDPOSITIVE>YES</ISDEEMEDPOSITIVE>
							<AMOUNT>-995</AMOUNT>
							</ALLLEDGERENTRIES.LIST>