<ALLLEDGERENTRIES.LIST>
							<LEDGERNAME>MS BHAGWATI STORE</LEDGERNAME>
							<REMOVEZEROENTRIES>
								NO
							</REMOVEZEROENTRIES>
							<LEDGERFROMITEM>
								NO
							</LEDGERFROMITEM>
							<ISDEEMEDPOSITIVE>YES</ISDEEMEDPOSITIVE>
							<AMOUNT>-7750.0</AMOUNT>
							</ALLLEDGERENTRIES.LIST>