<ALLLEDGERENTRIES.LIST>
							<LEDGERNAME>ANUJ KUMAR</LEDGERNAME>
							<REMOVEZEROENTRIES>
								NO
							</REMOVEZEROENTRIES>
							<LEDGERFROMITEM>
								NO
							</LEDGERFROMITEM>
							<ISDEEMEDPOSITIVE>NO</ISDEEMEDPOSITIVE>
							<AMOUNT>36800.0</AMOUNT>
							</ALLLEDGERENTRIES.LIST>