<ALLLEDGERENTRIES.LIST>
							<LEDGERNAME>SATYAM SHEKHAR</LEDGERNAME>
							<REMOVEZEROENTRIES>
								NO
							</REMOVEZEROENTRIES>
							<LEDGERFROMITEM>
								NO
							</LEDGERFROMITEM>
							<ISDEEMEDPOSITIVE>NO</ISDEEMEDPOSITIVE>
							<AMOUNT>500.0</AMOUNT>
							</ALLLEDGERENTRIES.LIST>