<ALLLEDGERENTRIES.LIST>
							<LEDGERNAME>GST Bank Charges</LEDGERNAME>
							<REMOVEZEROENTRIES>
								NO
							</REMOVEZEROENTRIES>
							<LEDGERFROMITEM>
								NO
							</LEDGERFROMITEM>
							<ISDEEMEDPOSITIVE>YES</ISDEEMEDPOSITIVE>
							<AMOUNT>-18.0</AMOUNT>
							</ALLLEDGERENTRIES.LIST>