<ALLLEDGERENTRIES.LIST>
							<LEDGERNAME>PRADEEP KUMAR SAHU</LEDGERNAME>
							<REMOVEZEROENTRIES>
								NO
							</REMOVEZEROENTRIES>
							<LEDGERFROMITEM>
								NO
							</LEDGERFROMITEM>
							<ISDEEMEDPOSITIVE>YES</ISDEEMEDPOSITIVE>
							<AMOUNT>-26700.0</AMOUNT>
							</ALLLEDGERENTRIES.LIST>