<ALLLEDGERENTRIES.LIST>
							<LEDGERNAME>AMAN YADAV</LEDGERNAME>
							<REMOVEZEROENTRIES>
								NO
							</REMOVEZEROENTRIES>
							<LEDGERFROMITEM>
								NO
							</LEDGERFROMITEM>
							<ISDEEMEDPOSITIVE>YES</ISDEEMEDPOSITIVE>
							<AMOUNT>-3000.0</AMOUNT>
							</ALLLEDGERENTRIES.LIST>