<ALLLEDGERENTRIES.LIST>
							<LEDGERNAME>SP DISTRIBUTORS</LEDGERNAME>
							<REMOVEZEROENTRIES>
								NO
							</REMOVEZEROENTRIES>
							<LEDGERFROMITEM>
								NO
							</LEDGERFROMITEM>
							<ISDEEMEDPOSITIVE>YES</ISDEEMEDPOSITIVE>
							<AMOUNT>-31500.0</AMOUNT>
							</ALLLEDGERENTRIES.LIST>