<ALLLEDGERENTRIES.LIST>
							<LEDGERNAME>PANKAJ KUMAR</LEDGERNAME>
							<REMOVEZEROENTRIES>
								NO
							</REMOVEZEROENTRIES>
							<LEDGERFROMITEM>
								NO
							</LEDGERFROMITEM>
							<ISDEEMEDPOSITIVE>YES</ISDEEMEDPOSITIVE>
							<AMOUNT>-1010.0</AMOUNT>
							</ALLLEDGERENTRIES.LIST>