<ALLLEDGERENTRIES.LIST>
							<LEDGERNAME>AJIT KUMAR SAHU</LEDGERNAME>
							<REMOVEZEROENTRIES>
								NO
							</REMOVEZEROENTRIES>
							<LEDGERFROMITEM>
								NO
							</LEDGERFROMITEM>
							<ISDEEMEDPOSITIVE>YES</ISDEEMEDPOSITIVE>
							<AMOUNT>-10300.0</AMOUNT>
							</ALLLEDGERENTRIES.LIST>