<ALLLEDGERENTRIES.LIST>
							<LEDGERNAME>AJAY SINGH</LEDGERNAME>
							<REMOVEZEROENTRIES>
								NO
							</REMOVEZEROENTRIES>
							<LEDGERFROMITEM>
								NO
							</LEDGERFROMITEM>
							<ISDEEMEDPOSITIVE>YES</ISDEEMEDPOSITIVE>
							<AMOUNT>-45005.9</AMOUNT>
							</ALLLEDGERENTRIES.LIST>