<ALLLEDGERENTRIES.LIST>
							<LEDGERNAME>NEHA KUMARI</LEDGERNAME>
							<REMOVEZEROENTRIES>
								NO
							</REMOVEZEROENTRIES>
							<LEDGERFROMITEM>
								NO
							</LEDGERFROMITEM>
							<ISDEEMEDPOSITIVE>NO</ISDEEMEDPOSITIVE>
							<AMOUNT>36500.0</AMOUNT>
							</ALLLEDGERENTRIES.LIST>