<ALLLEDGERENTRIES.LIST>
							<LEDGERNAME>SEEMA KUMARI</LEDGERNAME>
							<REMOVEZEROENTRIES>
								NO
							</REMOVEZEROENTRIES>
							<LEDGERFROMITEM>
								NO
							</LEDGERFROMITEM>
							<ISDEEMEDPOSITIVE>YES</ISDEEMEDPOSITIVE>
							<AMOUNT>-30000.0</AMOUNT>
							</ALLLEDGERENTRIES.LIST>