<ALLLEDGERENTRIES.LIST>
							<LEDGERNAME>Building Under Construction</LEDGERNAME>
							<REMOVEZEROENTRIES>
								NO
							</REMOVEZEROENTRIES>
							<LEDGERFROMITEM>
								NO
							</LEDGERFROMITEM>
							<ISDEEMEDPOSITIVE>YES</ISDEEMEDPOSITIVE>
							<AMOUNT>-970</AMOUNT>
							</ALLLEDGERENTRIES.LIST>