<ALLLEDGERENTRIES.LIST>
							<LEDGERNAME>USG CHARGES (DR. RASHMI)</LEDGERNAME>
							<REMOVEZEROENTRIES>
								NO
							</REMOVEZEROENTRIES>
							<LEDGERFROMITEM>
								NO
							</LEDGERFROMITEM>
							<ISDEEMEDPOSITIVE>NO</ISDEEMEDPOSITIVE>
							<AMOUNT>900</AMOUNT>
							</ALLLEDGERENTRIES.LIST>