<ALLLEDGERENTRIES.LIST>
							<LEDGERNAME>ANUJ TRADERS</LEDGERNAME>
							<REMOVEZEROENTRIES>
								NO
							</REMOVEZEROENTRIES>
							<LEDGERFROMITEM>
								NO
							</LEDGERFROMITEM>
							<ISDEEMEDPOSITIVE>NO</ISDEEMEDPOSITIVE>
							<AMOUNT>100000.0</AMOUNT>
							</ALLLEDGERENTRIES.LIST>