<ALLLEDGERENTRIES.LIST>
							<LEDGERNAME>BINAY KUMAR</LEDGERNAME>
							<REMOVEZEROENTRIES>
								NO
							</REMOVEZEROENTRIES>
							<LEDGERFROMITEM>
								NO
							</LEDGERFROMITEM>
							<ISDEEMEDPOSITIVE>YES</ISDEEMEDPOSITIVE>
							<AMOUNT>-1125.0</AMOUNT>
							</ALLLEDGERENTRIES.LIST>