<ALLLEDGERENTRIES.LIST>
							<LEDGERNAME>SUMIT KUMAR</LEDGERNAME>
							<REMOVEZEROENTRIES>
								NO
							</REMOVEZEROENTRIES>
							<LEDGERFROMITEM>
								NO
							</LEDGERFROMITEM>
							<ISDEEMEDPOSITIVE>NO</ISDEEMEDPOSITIVE>
							<AMOUNT>75000.0</AMOUNT>
							</ALLLEDGERENTRIES.LIST>