<ALLLEDGERENTRIES.LIST>
							<LEDGERNAME>KM AUTO</LEDGERNAME>
							<REMOVEZEROENTRIES>
								NO
							</REMOVEZEROENTRIES>
							<LEDGERFROMITEM>
								NO
							</LEDGERFROMITEM>
							<ISDEEMEDPOSITIVE>YES</ISDEEMEDPOSITIVE>
							<AMOUNT>-3505.9</AMOUNT>
							</ALLLEDGERENTRIES.LIST>