<ALLLEDGERENTRIES.LIST>
							<LEDGERNAME>ICICI Bank (A/C No. 02939)</LEDGERNAME>
							<REMOVEZEROENTRIES>
								NO
							</REMOVEZEROENTRIES>
							<LEDGERFROMITEM>
								NO
							</LEDGERFROMITEM>
							<ISDEEMEDPOSITIVE>NO</ISDEEMEDPOSITIVE>
							<AMOUNT>114431.0</AMOUNT>
							</ALLLEDGERENTRIES.LIST>