<ALLLEDGERENTRIES.LIST>
							<LEDGERNAME>ICICI Bank (A/C No. 02939)</LEDGERNAME>
							<REMOVEZEROENTRIES>
								NO
							</REMOVEZEROENTRIES>
							<LEDGERFROMITEM>
								NO
							</LEDGERFROMITEM>
							<ISDEEMEDPOSITIVE>YES</ISDEEMEDPOSITIVE>
							<AMOUNT>-27044.0</AMOUNT>
							</ALLLEDGERENTRIES.LIST>