<ENVELOPE>
	<HEADER>
		<TALLYREQUEST>
			Import Data
		</TALLYREQUEST>
	</HEADER>
	<BODY>
		<IMPORTDATA>
			<REQUESTDESC>
				<REPORTNAME>
					All Masters
				</REPORTNAME>
				<STATICVARIABLES>
					<SVCURRENTCOMPANY>
						MIXBOX Tech Solutions
					</SVCURRENTCOMPANY>
				</STATICVARIABLES>
			</REQUESTDESC>
		<REQUESTDATA>
				<TALLYMESSAGE>
					<VOUCHER ACTION="Create" VCHTYPE="Journal">
						<VOUCHERTYPENAME>Journal</VOUCHERTYPENAME>
						<DATE>20230401</DATE>
						<VOUCHERNUMBER>aaa</VOUCHERNUMBER>
						<PARTYLEDGERNAME>
							Cash2
						</PARTYLEDGERNAME>
						<NARRATION>JHSCR1448 | MRS SARITA PANDEY | 30/F | DALTONGANJ | 9322693265</NARRATION>
						<EFFECTIVEDATE>20230401</EFFECTIVEDATE>
					<ALLLEDGERENTRIES.LIST>
							<LEDGERNAME>Clinic Patient Dr. Rashmi</LEDGERNAME>
							<REMOVEZEROENTRIES>
								NO
							</REMOVEZEROENTRIES>
							<LEDGERFROMITEM>
								NO
							</LEDGERFROMITEM>
							<ISDEEMEDPOSITIVE>YES</ISDEEMEDPOSITIVE>
							<AMOUNT>-4000</AMOUNT>
							</ALLLEDGERENTRIES.LIST><ALLLEDGERENTRIES.LIST>
							<LEDGERNAME>OPD CONSULTANCY FEES(DR. RASHMI)</LEDGERNAME>
							<REMOVEZEROENTRIES>
								NO
							</REMOVEZEROENTRIES>
							<LEDGERFROMITEM>
								NO
							</LEDGERFROMITEM>
							<ISDEEMEDPOSITIVE>NO</ISDEEMEDPOSITIVE>
							<AMOUNT>500</AMOUNT>
							</ALLLEDGERENTRIES.LIST><ALLLEDGERENTRIES.LIST>
							<LEDGERNAME>LAB CHARGES(REF. BY DR. RASHMI)</LEDGERNAME>
							<REMOVEZEROENTRIES>
								NO
							</REMOVEZEROENTRIES>
							<LEDGERFROMITEM>
								NO
							</LEDGERFROMITEM>
							<ISDEEMEDPOSITIVE>NO</ISDEEMEDPOSITIVE>
							<AMOUNT>3500</AMOUNT>
							</ALLLEDGERENTRIES.LIST></VOUCHER>
				</TALLYMESSAGE>
			</REQUESTDATA><REQUESTDATA>
				<TALLYMESSAGE>
					<VOUCHER ACTION="Create" VCHTYPE="Journal">
						<VOUCHERTYPENAME>Journal</VOUCHERTYPENAME>
						<DATE>20230401</DATE>
						<VOUCHERNUMBER>bbb</VOUCHERNUMBER>
						<PARTYLEDGERNAME>
							Cash2
						</PARTYLEDGERNAME>
						<NARRATION>JHSCR1449 | MRS NAMITA KUMARI | 27/F | CHUTIYA | 9110118918</NARRATION>
						<EFFECTIVEDATE>20230401</EFFECTIVEDATE>
					<ALLLEDGERENTRIES.LIST>
							<LEDGERNAME>Clinic Patient Dr. Rashmi</LEDGERNAME>
							<REMOVEZEROENTRIES>
								NO
							</REMOVEZEROENTRIES>
							<LEDGERFROMITEM>
								NO
							</LEDGERFROMITEM>
							<ISDEEMEDPOSITIVE>YES</ISDEEMEDPOSITIVE>
							<AMOUNT>-1200</AMOUNT>
							</ALLLEDGERENTRIES.LIST><ALLLEDGERENTRIES.LIST>
							<LEDGERNAME>OPD CONSULTANCY FEES(DR. RASHMI)</LEDGERNAME>
							<REMOVEZEROENTRIES>
								NO
							</REMOVEZEROENTRIES>
							<LEDGERFROMITEM>
								NO
							</LEDGERFROMITEM>
							<ISDEEMEDPOSITIVE>NO</ISDEEMEDPOSITIVE>
							<AMOUNT>500</AMOUNT>
							</ALLLEDGERENTRIES.LIST><ALLLEDGERENTRIES.LIST>
							<LEDGERNAME>LAB CHARGES(REF. BY DR. RASHMI)</LEDGERNAME>
							<REMOVEZEROENTRIES>
								NO
							</REMOVEZEROENTRIES>
							<LEDGERFROMITEM>
								NO
							</LEDGERFROMITEM>
							<ISDEEMEDPOSITIVE>NO</ISDEEMEDPOSITIVE>
							<AMOUNT>700</AMOUNT>
							</ALLLEDGERENTRIES.LIST></VOUCHER>
				</TALLYMESSAGE>
			</REQUESTDATA></IMPORTDATA>
	</BODY>
</ENVELOPE>