<ENVELOPE>
	<HEADER>
		<TALLYREQUEST>
			Import Data
		</TALLYREQUEST>
	</HEADER>
	<BODY>
		<IMPORTDATA>
			<REQUESTDESC>
				<REPORTNAME>
					All Masters
				</REPORTNAME>
				<STATICVARIABLES>
					<SVCURRENTCOMPANY>
						ABC Company
					</SVCURRENTCOMPANY>
				</STATICVARIABLES>
			</REQUESTDESC>
		<REQUESTDATA>
				<TALLYMESSAGE>
					<VOUCHER ACTION="Create" VCHTYPE="Journal">
						<VOUCHERTYPENAME>Journal</VOUCHERTYPENAME>
						<DATE>20240301</DATE>
						<VOUCHERNUMBER>Clinic-A MAR'24-1</VOUCHERNUMBER>
						<PARTYLEDGERNAME>
							Cash2
						</PARTYLEDGERNAME>
						<NARRATION>PRN NO- JHSCR2267 | Name: MRS SHINU KUMARI  | 30/F | Address: DIPATOLI | Contact: 7970301947</NARRATION>
						<EFFECTIVEDATE>20240301</EFFECTIVEDATE>
					<ALLLEDGERENTRIES.LIST>
							<LEDGERNAME>Clinic Patient Dr- Rashmi</LEDGERNAME>
							<REMOVEZEROENTRIES>
								NO
							</REMOVEZEROENTRIES>
							<LEDGERFROMITEM>
								NO
							</LEDGERFROMITEM>
							<ISDEEMEDPOSITIVE>YES</ISDEEMEDPOSITIVE>
							<AMOUNT>-4650</AMOUNT>
							</ALLLEDGERENTRIES.LIST><ALLLEDGERENTRIES.LIST>
							<LEDGERNAME>OPD CONSULTANCY FEES(DR- RASHMI)</LEDGERNAME>
							<REMOVEZEROENTRIES>
								NO
							</REMOVEZEROENTRIES>
							<LEDGERFROMITEM>
								NO
							</LEDGERFROMITEM>
							<ISDEEMEDPOSITIVE>NO</ISDEEMEDPOSITIVE>
							<AMOUNT>500</AMOUNT>
							</ALLLEDGERENTRIES.LIST><ALLLEDGERENTRIES.LIST>
							<LEDGERNAME>USG CHARGES (DR- RASHMI)</LEDGERNAME>
							<REMOVEZEROENTRIES>
								NO
							</REMOVEZEROENTRIES>
							<LEDGERFROMITEM>
								NO
							</LEDGERFROMITEM>
							<ISDEEMEDPOSITIVE>NO</ISDEEMEDPOSITIVE>
							<AMOUNT>1000</AMOUNT>
							</ALLLEDGERENTRIES.LIST><ALLLEDGERENTRIES.LIST>
							<LEDGERNAME>LAB CHARGES(REF- BY DR- RASHMI)</LEDGERNAME>
							<REMOVEZEROENTRIES>
								NO
							</REMOVEZEROENTRIES>
							<LEDGERFROMITEM>
								NO
							</LEDGERFROMITEM>
							<ISDEEMEDPOSITIVE>NO</ISDEEMEDPOSITIVE>
							<AMOUNT>3150</AMOUNT>
							</ALLLEDGERENTRIES.LIST><ALLLEDGERENTRIES.LIST>
							<LEDGERNAME>PRO CHARGES (REF- BY DR- RASHMI)</LEDGERNAME>
							<REMOVEZEROENTRIES>
								NO
							</REMOVEZEROENTRIES>
							<LEDGERFROMITEM>
								NO
							</LEDGERFROMITEM>
							<ISDEEMEDPOSITIVE>YES</ISDEEMEDPOSITIVE>
							<AMOUNT>0</AMOUNT>
							</ALLLEDGERENTRIES.LIST><ALLLEDGERENTRIES.LIST>
							<LEDGERNAME>Clinic Pharmacy Sale (REF- BY DR- RASHMI)</LEDGERNAME>
							<REMOVEZEROENTRIES>
								NO
							</REMOVEZEROENTRIES>
							<LEDGERFROMITEM>
								NO
							</LEDGERFROMITEM>
							<ISDEEMEDPOSITIVE>YES</ISDEEMEDPOSITIVE>
							<AMOUNT>0</AMOUNT>
							</ALLLEDGERENTRIES.LIST></VOUCHER>
				</TALLYMESSAGE>
			</REQUESTDATA><REQUESTDATA>
				<TALLYMESSAGE>
					<VOUCHER ACTION="Create" VCHTYPE="Journal">
						<VOUCHERTYPENAME>Journal</VOUCHERTYPENAME>
						<DATE>20240301</DATE>
						<VOUCHERNUMBER>Clinic-A MAR'24-2</VOUCHERNUMBER>
						<PARTYLEDGERNAME>
							Cash2
						</PARTYLEDGERNAME>
						<NARRATION>PRN NO- JHSCR2046 | Name: MRSJALAMATI GAIKWAT  | 22/F | Address: DIPATOLI | Contact: 9027679429</NARRATION>
						<EFFECTIVEDATE>20240301</EFFECTIVEDATE>
					<ALLLEDGERENTRIES.LIST>
							<LEDGERNAME>Clinic Patient Dr- Rashmi</LEDGERNAME>
							<REMOVEZEROENTRIES>
								NO
							</REMOVEZEROENTRIES>
							<LEDGERFROMITEM>
								NO
							</LEDGERFROMITEM>
							<ISDEEMEDPOSITIVE>YES</ISDEEMEDPOSITIVE>
							<AMOUNT>0</AMOUNT>
							</ALLLEDGERENTRIES.LIST><ALLLEDGERENTRIES.LIST>
							<LEDGERNAME>OPD CONSULTANCY FEES(DR- RASHMI)</LEDGERNAME>
							<REMOVEZEROENTRIES>
								NO
							</REMOVEZEROENTRIES>
							<LEDGERFROMITEM>
								NO
							</LEDGERFROMITEM>
							<ISDEEMEDPOSITIVE>YES</ISDEEMEDPOSITIVE>
							<AMOUNT>0</AMOUNT>
							</ALLLEDGERENTRIES.LIST><ALLLEDGERENTRIES.LIST>
							<LEDGERNAME>USG CHARGES (DR- RASHMI)</LEDGERNAME>
							<REMOVEZEROENTRIES>
								NO
							</REMOVEZEROENTRIES>
							<LEDGERFROMITEM>
								NO
							</LEDGERFROMITEM>
							<ISDEEMEDPOSITIVE>YES</ISDEEMEDPOSITIVE>
							<AMOUNT>0</AMOUNT>
							</ALLLEDGERENTRIES.LIST><ALLLEDGERENTRIES.LIST>
							<LEDGERNAME>LAB CHARGES(REF- BY DR- RASHMI)</LEDGERNAME>
							<REMOVEZEROENTRIES>
								NO
							</REMOVEZEROENTRIES>
							<LEDGERFROMITEM>
								NO
							</LEDGERFROMITEM>
							<ISDEEMEDPOSITIVE>YES</ISDEEMEDPOSITIVE>
							<AMOUNT>0</AMOUNT>
							</ALLLEDGERENTRIES.LIST><ALLLEDGERENTRIES.LIST>
							<LEDGERNAME>PRO CHARGES (REF- BY DR- RASHMI)</LEDGERNAME>
							<REMOVEZEROENTRIES>
								NO
							</REMOVEZEROENTRIES>
							<LEDGERFROMITEM>
								NO
							</LEDGERFROMITEM>
							<ISDEEMEDPOSITIVE>YES</ISDEEMEDPOSITIVE>
							<AMOUNT>0</AMOUNT>
							</ALLLEDGERENTRIES.LIST><ALLLEDGERENTRIES.LIST>
							<LEDGERNAME>Clinic Pharmacy Sale (REF- BY DR- RASHMI)</LEDGERNAME>
							<REMOVEZEROENTRIES>
								NO
							</REMOVEZEROENTRIES>
							<LEDGERFROMITEM>
								NO
							</LEDGERFROMITEM>
							<ISDEEMEDPOSITIVE>YES</ISDEEMEDPOSITIVE>
							<AMOUNT>0</AMOUNT>
							</ALLLEDGERENTRIES.LIST></VOUCHER>
				</TALLYMESSAGE>
			</REQUESTDATA><REQUESTDATA>
				<TALLYMESSAGE>
					<VOUCHER ACTION="Create" VCHTYPE="Journal">
						<VOUCHERTYPENAME>Journal</VOUCHERTYPENAME>
						<DATE>20240302</DATE>
						<VOUCHERNUMBER>Clinic-A MAR'24-3</VOUCHERNUMBER>
						<PARTYLEDGERNAME>
							Cash2
						</PARTYLEDGERNAME>
						<NARRATION>PRN NO- JHSCR2270 | Name: MRS MAMTA NAYAK  | 29/F | Address: DIPATOLI | Contact: 8527453080</NARRATION>
						<EFFECTIVEDATE>20240302</EFFECTIVEDATE>
					<ALLLEDGERENTRIES.LIST>
							<LEDGERNAME>Clinic Patient Dr- Rashmi</LEDGERNAME>
							<REMOVEZEROENTRIES>
								NO
							</REMOVEZEROENTRIES>
							<LEDGERFROMITEM>
								NO
							</LEDGERFROMITEM>
							<ISDEEMEDPOSITIVE>YES</ISDEEMEDPOSITIVE>
							<AMOUNT>-2200</AMOUNT>
							</ALLLEDGERENTRIES.LIST><ALLLEDGERENTRIES.LIST>
							<LEDGERNAME>OPD CONSULTANCY FEES(DR- RASHMI)</LEDGERNAME>
							<REMOVEZEROENTRIES>
								NO
							</REMOVEZEROENTRIES>
							<LEDGERFROMITEM>
								NO
							</LEDGERFROMITEM>
							<ISDEEMEDPOSITIVE>NO</ISDEEMEDPOSITIVE>
							<AMOUNT>500</AMOUNT>
							</ALLLEDGERENTRIES.LIST><ALLLEDGERENTRIES.LIST>
							<LEDGERNAME>USG CHARGES (DR- RASHMI)</LEDGERNAME>
							<REMOVEZEROENTRIES>
								NO
							</REMOVEZEROENTRIES>
							<LEDGERFROMITEM>
								NO
							</LEDGERFROMITEM>
							<ISDEEMEDPOSITIVE>NO</ISDEEMEDPOSITIVE>
							<AMOUNT>1000</AMOUNT>
							</ALLLEDGERENTRIES.LIST><ALLLEDGERENTRIES.LIST>
							<LEDGERNAME>LAB CHARGES(REF- BY DR- RASHMI)</LEDGERNAME>
							<REMOVEZEROENTRIES>
								NO
							</REMOVEZEROENTRIES>
							<LEDGERFROMITEM>
								NO
							</LEDGERFROMITEM>
							<ISDEEMEDPOSITIVE>NO</ISDEEMEDPOSITIVE>
							<AMOUNT>700</AMOUNT>
							</ALLLEDGERENTRIES.LIST><ALLLEDGERENTRIES.LIST>
							<LEDGERNAME>PRO CHARGES (REF- BY DR- RASHMI)</LEDGERNAME>
							<REMOVEZEROENTRIES>
								NO
							</REMOVEZEROENTRIES>
							<LEDGERFROMITEM>
								NO
							</LEDGERFROMITEM>
							<ISDEEMEDPOSITIVE>YES</ISDEEMEDPOSITIVE>
							<AMOUNT>0</AMOUNT>
							</ALLLEDGERENTRIES.LIST><ALLLEDGERENTRIES.LIST>
							<LEDGERNAME>Clinic Pharmacy Sale (REF- BY DR- RASHMI)</LEDGERNAME>
							<REMOVEZEROENTRIES>
								NO
							</REMOVEZEROENTRIES>
							<LEDGERFROMITEM>
								NO
							</LEDGERFROMITEM>
							<ISDEEMEDPOSITIVE>YES</ISDEEMEDPOSITIVE>
							<AMOUNT>0</AMOUNT>
							</ALLLEDGERENTRIES.LIST></VOUCHER>
				</TALLYMESSAGE>
			</REQUESTDATA><REQUESTDATA>
				<TALLYMESSAGE>
					<VOUCHER ACTION="Create" VCHTYPE="Journal">
						<VOUCHERTYPENAME>Journal</VOUCHERTYPENAME>
						<DATE>20240302</DATE>
						<VOUCHERNUMBER>Clinic-A MAR'24-4</VOUCHERNUMBER>
						<PARTYLEDGERNAME>
							Cash2
						</PARTYLEDGERNAME>
						<NARRATION>PRN NO- JHSCR1851 | Name: MRS DEBJANI GHOSH  | 35/F | Address: DIPATOLI | Contact: 9997458784</NARRATION>
						<EFFECTIVEDATE>20240302</EFFECTIVEDATE>
					<ALLLEDGERENTRIES.LIST>
							<LEDGERNAME>Clinic Patient Dr- Rashmi</LEDGERNAME>
							<REMOVEZEROENTRIES>
								NO
							</REMOVEZEROENTRIES>
							<LEDGERFROMITEM>
								NO
							</LEDGERFROMITEM>
							<ISDEEMEDPOSITIVE>YES</ISDEEMEDPOSITIVE>
							<AMOUNT>-633</AMOUNT>
							</ALLLEDGERENTRIES.LIST><ALLLEDGERENTRIES.LIST>
							<LEDGERNAME>OPD CONSULTANCY FEES(DR- RASHMI)</LEDGERNAME>
							<REMOVEZEROENTRIES>
								NO
							</REMOVEZEROENTRIES>
							<LEDGERFROMITEM>
								NO
							</LEDGERFROMITEM>
							<ISDEEMEDPOSITIVE>NO</ISDEEMEDPOSITIVE>
							<AMOUNT>500</AMOUNT>
							</ALLLEDGERENTRIES.LIST><ALLLEDGERENTRIES.LIST>
							<LEDGERNAME>USG CHARGES (DR- RASHMI)</LEDGERNAME>
							<REMOVEZEROENTRIES>
								NO
							</REMOVEZEROENTRIES>
							<LEDGERFROMITEM>
								NO
							</LEDGERFROMITEM>
							<ISDEEMEDPOSITIVE>YES</ISDEEMEDPOSITIVE>
							<AMOUNT>0</AMOUNT>
							</ALLLEDGERENTRIES.LIST><ALLLEDGERENTRIES.LIST>
							<LEDGERNAME>LAB CHARGES(REF- BY DR- RASHMI)</LEDGERNAME>
							<REMOVEZEROENTRIES>
								NO
							</REMOVEZEROENTRIES>
							<LEDGERFROMITEM>
								NO
							</LEDGERFROMITEM>
							<ISDEEMEDPOSITIVE>YES</ISDEEMEDPOSITIVE>
							<AMOUNT>0</AMOUNT>
							</ALLLEDGERENTRIES.LIST><ALLLEDGERENTRIES.LIST>
							<LEDGERNAME>PRO CHARGES (REF- BY DR- RASHMI)</LEDGERNAME>
							<REMOVEZEROENTRIES>
								NO
							</REMOVEZEROENTRIES>
							<LEDGERFROMITEM>
								NO
							</LEDGERFROMITEM>
							<ISDEEMEDPOSITIVE>YES</ISDEEMEDPOSITIVE>
							<AMOUNT>0</AMOUNT>
							</ALLLEDGERENTRIES.LIST><ALLLEDGERENTRIES.LIST>
							<LEDGERNAME>Clinic Pharmacy Sale (REF- BY DR- RASHMI)</LEDGERNAME>
							<REMOVEZEROENTRIES>
								NO
							</REMOVEZEROENTRIES>
							<LEDGERFROMITEM>
								NO
							</LEDGERFROMITEM>
							<ISDEEMEDPOSITIVE>NO</ISDEEMEDPOSITIVE>
							<AMOUNT>133</AMOUNT>
							</ALLLEDGERENTRIES.LIST></VOUCHER>
				</TALLYMESSAGE>
			</REQUESTDATA><REQUESTDATA>
				<TALLYMESSAGE>
					<VOUCHER ACTION="Create" VCHTYPE="Journal">
						<VOUCHERTYPENAME>Journal</VOUCHERTYPENAME>
						<DATE>20240302</DATE>
						<VOUCHERNUMBER>Clinic-A MAR'24-5</VOUCHERNUMBER>
						<PARTYLEDGERNAME>
							Cash2
						</PARTYLEDGERNAME>
						<NARRATION>PRN NO- JHSCR1186 | Name: MRS PRIYANKA KUMARI  | 22/F | Address: PANDARA | Contact: 8404974747</NARRATION>
						<EFFECTIVEDATE>20240302</EFFECTIVEDATE>
					<ALLLEDGERENTRIES.LIST>
							<LEDGERNAME>Clinic Patient Dr- Rashmi</LEDGERNAME>
							<REMOVEZEROENTRIES>
								NO
							</REMOVEZEROENTRIES>
							<LEDGERFROMITEM>
								NO
							</LEDGERFROMITEM>
							<ISDEEMEDPOSITIVE>YES</ISDEEMEDPOSITIVE>
							<AMOUNT>-551</AMOUNT>
							</ALLLEDGERENTRIES.LIST><ALLLEDGERENTRIES.LIST>
							<LEDGERNAME>OPD CONSULTANCY FEES(DR- RASHMI)</LEDGERNAME>
							<REMOVEZEROENTRIES>
								NO
							</REMOVEZEROENTRIES>
							<LEDGERFROMITEM>
								NO
							</LEDGERFROMITEM>
							<ISDEEMEDPOSITIVE>YES</ISDEEMEDPOSITIVE>
							<AMOUNT>0</AMOUNT>
							</ALLLEDGERENTRIES.LIST><ALLLEDGERENTRIES.LIST>
							<LEDGERNAME>USG CHARGES (DR- RASHMI)</LEDGERNAME>
							<REMOVEZEROENTRIES>
								NO
							</REMOVEZEROENTRIES>
							<LEDGERFROMITEM>
								NO
							</LEDGERFROMITEM>
							<ISDEEMEDPOSITIVE>YES</ISDEEMEDPOSITIVE>
							<AMOUNT>0</AMOUNT>
							</ALLLEDGERENTRIES.LIST><ALLLEDGERENTRIES.LIST>
							<LEDGERNAME>LAB CHARGES(REF- BY DR- RASHMI)</LEDGERNAME>
							<REMOVEZEROENTRIES>
								NO
							</REMOVEZEROENTRIES>
							<LEDGERFROMITEM>
								NO
							</LEDGERFROMITEM>
							<ISDEEMEDPOSITIVE>YES</ISDEEMEDPOSITIVE>
							<AMOUNT>0</AMOUNT>
							</ALLLEDGERENTRIES.LIST><ALLLEDGERENTRIES.LIST>
							<LEDGERNAME>PRO CHARGES (REF- BY DR- RASHMI)</LEDGERNAME>
							<REMOVEZEROENTRIES>
								NO
							</REMOVEZEROENTRIES>
							<LEDGERFROMITEM>
								NO
							</LEDGERFROMITEM>
							<ISDEEMEDPOSITIVE>YES</ISDEEMEDPOSITIVE>
							<AMOUNT>0</AMOUNT>
							</ALLLEDGERENTRIES.LIST><ALLLEDGERENTRIES.LIST>
							<LEDGERNAME>Clinic Pharmacy Sale (REF- BY DR- RASHMI)</LEDGERNAME>
							<REMOVEZEROENTRIES>
								NO
							</REMOVEZEROENTRIES>
							<LEDGERFROMITEM>
								NO
							</LEDGERFROMITEM>
							<ISDEEMEDPOSITIVE>NO</ISDEEMEDPOSITIVE>
							<AMOUNT>551</AMOUNT>
							</ALLLEDGERENTRIES.LIST></VOUCHER>
				</TALLYMESSAGE>
			</REQUESTDATA><REQUESTDATA>
				<TALLYMESSAGE>
					<VOUCHER ACTION="Create" VCHTYPE="Journal">
						<VOUCHERTYPENAME>Journal</VOUCHERTYPENAME>
						<DATE>20240302</DATE>
						<VOUCHERNUMBER>Clinic-A MAR'24-6</VOUCHERNUMBER>
						<PARTYLEDGERNAME>
							Cash2
						</PARTYLEDGERNAME>
						<NARRATION>PRN NO- JHSCR1947 | Name: MRS KAJAL SARWADE  | 25/F | Address: DIPATOLI | Contact: 9403773266</NARRATION>
						<EFFECTIVEDATE>20240302</EFFECTIVEDATE>
					<ALLLEDGERENTRIES.LIST>
							<LEDGERNAME>Clinic Patient Dr- Rashmi</LEDGERNAME>
							<REMOVEZEROENTRIES>
								NO
							</REMOVEZEROENTRIES>
							<LEDGERFROMITEM>
								NO
							</LEDGERFROMITEM>
							<ISDEEMEDPOSITIVE>YES</ISDEEMEDPOSITIVE>
							<AMOUNT>-1933</AMOUNT>
							</ALLLEDGERENTRIES.LIST><ALLLEDGERENTRIES.LIST>
							<LEDGERNAME>OPD CONSULTANCY FEES(DR- RASHMI)</LEDGERNAME>
							<REMOVEZEROENTRIES>
								NO
							</REMOVEZEROENTRIES>
							<LEDGERFROMITEM>
								NO
							</LEDGERFROMITEM>
							<ISDEEMEDPOSITIVE>NO</ISDEEMEDPOSITIVE>
							<AMOUNT>500</AMOUNT>
							</ALLLEDGERENTRIES.LIST><ALLLEDGERENTRIES.LIST>
							<LEDGERNAME>USG CHARGES (DR- RASHMI)</LEDGERNAME>
							<REMOVEZEROENTRIES>
								NO
							</REMOVEZEROENTRIES>
							<LEDGERFROMITEM>
								NO
							</LEDGERFROMITEM>
							<ISDEEMEDPOSITIVE>YES</ISDEEMEDPOSITIVE>
							<AMOUNT>0</AMOUNT>
							</ALLLEDGERENTRIES.LIST><ALLLEDGERENTRIES.LIST>
							<LEDGERNAME>LAB CHARGES(REF- BY DR- RASHMI)</LEDGERNAME>
							<REMOVEZEROENTRIES>
								NO
							</REMOVEZEROENTRIES>
							<LEDGERFROMITEM>
								NO
							</LEDGERFROMITEM>
							<ISDEEMEDPOSITIVE>YES</ISDEEMEDPOSITIVE>
							<AMOUNT>0</AMOUNT>
							</ALLLEDGERENTRIES.LIST><ALLLEDGERENTRIES.LIST>
							<LEDGERNAME>PRO CHARGES (REF- BY DR- RASHMI)</LEDGERNAME>
							<REMOVEZEROENTRIES>
								NO
							</REMOVEZEROENTRIES>
							<LEDGERFROMITEM>
								NO
							</LEDGERFROMITEM>
							<ISDEEMEDPOSITIVE>YES</ISDEEMEDPOSITIVE>
							<AMOUNT>0</AMOUNT>
							</ALLLEDGERENTRIES.LIST><ALLLEDGERENTRIES.LIST>
							<LEDGERNAME>Clinic Pharmacy Sale (REF- BY DR- RASHMI)</LEDGERNAME>
							<REMOVEZEROENTRIES>
								NO
							</REMOVEZEROENTRIES>
							<LEDGERFROMITEM>
								NO
							</LEDGERFROMITEM>
							<ISDEEMEDPOSITIVE>NO</ISDEEMEDPOSITIVE>
							<AMOUNT>1433</AMOUNT>
							</ALLLEDGERENTRIES.LIST></VOUCHER>
				</TALLYMESSAGE>
			</REQUESTDATA><REQUESTDATA>
				<TALLYMESSAGE>
					<VOUCHER ACTION="Create" VCHTYPE="Journal">
						<VOUCHERTYPENAME>Journal</VOUCHERTYPENAME>
						<DATE>20240302</DATE>
						<VOUCHERNUMBER>Clinic-A MAR'24-7</VOUCHERNUMBER>
						<PARTYLEDGERNAME>
							Cash2
						</PARTYLEDGERNAME>
						<NARRATION>PRN NO- JHSCR1935 | Name: MRS KUMARI DIVYA SINGH  | 32/F | Address: KATHITAD RATU | Contact: 9546732337</NARRATION>
						<EFFECTIVEDATE>20240302</EFFECTIVEDATE>
					<ALLLEDGERENTRIES.LIST>
							<LEDGERNAME>Clinic Patient Dr- Rashmi</LEDGERNAME>
							<REMOVEZEROENTRIES>
								NO
							</REMOVEZEROENTRIES>
							<LEDGERFROMITEM>
								NO
							</LEDGERFROMITEM>
							<ISDEEMEDPOSITIVE>YES</ISDEEMEDPOSITIVE>
							<AMOUNT>-2750</AMOUNT>
							</ALLLEDGERENTRIES.LIST><ALLLEDGERENTRIES.LIST>
							<LEDGERNAME>OPD CONSULTANCY FEES(DR- RASHMI)</LEDGERNAME>
							<REMOVEZEROENTRIES>
								NO
							</REMOVEZEROENTRIES>
							<LEDGERFROMITEM>
								NO
							</LEDGERFROMITEM>
							<ISDEEMEDPOSITIVE>YES</ISDEEMEDPOSITIVE>
							<AMOUNT>0</AMOUNT>
							</ALLLEDGERENTRIES.LIST><ALLLEDGERENTRIES.LIST>
							<LEDGERNAME>USG CHARGES (DR- RASHMI)</LEDGERNAME>
							<REMOVEZEROENTRIES>
								NO
							</REMOVEZEROENTRIES>
							<LEDGERFROMITEM>
								NO
							</LEDGERFROMITEM>
							<ISDEEMEDPOSITIVE>YES</ISDEEMEDPOSITIVE>
							<AMOUNT>0</AMOUNT>
							</ALLLEDGERENTRIES.LIST><ALLLEDGERENTRIES.LIST>
							<LEDGERNAME>LAB CHARGES(REF- BY DR- RASHMI)</LEDGERNAME>
							<REMOVEZEROENTRIES>
								NO
							</REMOVEZEROENTRIES>
							<LEDGERFROMITEM>
								NO
							</LEDGERFROMITEM>
							<ISDEEMEDPOSITIVE>NO</ISDEEMEDPOSITIVE>
							<AMOUNT>2750</AMOUNT>
							</ALLLEDGERENTRIES.LIST><ALLLEDGERENTRIES.LIST>
							<LEDGERNAME>PRO CHARGES (REF- BY DR- RASHMI)</LEDGERNAME>
							<REMOVEZEROENTRIES>
								NO
							</REMOVEZEROENTRIES>
							<LEDGERFROMITEM>
								NO
							</LEDGERFROMITEM>
							<ISDEEMEDPOSITIVE>YES</ISDEEMEDPOSITIVE>
							<AMOUNT>0</AMOUNT>
							</ALLLEDGERENTRIES.LIST><ALLLEDGERENTRIES.LIST>
							<LEDGERNAME>Clinic Pharmacy Sale (REF- BY DR- RASHMI)</LEDGERNAME>
							<REMOVEZEROENTRIES>
								NO
							</REMOVEZEROENTRIES>
							<LEDGERFROMITEM>
								NO
							</LEDGERFROMITEM>
							<ISDEEMEDPOSITIVE>YES</ISDEEMEDPOSITIVE>
							<AMOUNT>0</AMOUNT>
							</ALLLEDGERENTRIES.LIST></VOUCHER>
				</TALLYMESSAGE>
			</REQUESTDATA><REQUESTDATA>
				<TALLYMESSAGE>
					<VOUCHER ACTION="Create" VCHTYPE="Journal">
						<VOUCHERTYPENAME>Journal</VOUCHERTYPENAME>
						<DATE>20240304</DATE>
						<VOUCHERNUMBER>Clinic-A MAR'24-8</VOUCHERNUMBER>
						<PARTYLEDGERNAME>
							Cash2
						</PARTYLEDGERNAME>
						<NARRATION>PRN NO- JHSCR2270 | Name: MRS MAMTA NAYAK  | 29/F | Address: DIPATOLI | Contact: 8527453080</NARRATION>
						<EFFECTIVEDATE>20240304</EFFECTIVEDATE>
					<ALLLEDGERENTRIES.LIST>
							<LEDGERNAME>Clinic Patient Dr- Rashmi</LEDGERNAME>
							<REMOVEZEROENTRIES>
								NO
							</REMOVEZEROENTRIES>
							<LEDGERFROMITEM>
								NO
							</LEDGERFROMITEM>
							<ISDEEMEDPOSITIVE>YES</ISDEEMEDPOSITIVE>
							<AMOUNT>-700</AMOUNT>
							</ALLLEDGERENTRIES.LIST><ALLLEDGERENTRIES.LIST>
							<LEDGERNAME>OPD CONSULTANCY FEES(DR- RASHMI)</LEDGERNAME>
							<REMOVEZEROENTRIES>
								NO
							</REMOVEZEROENTRIES>
							<LEDGERFROMITEM>
								NO
							</LEDGERFROMITEM>
							<ISDEEMEDPOSITIVE>YES</ISDEEMEDPOSITIVE>
							<AMOUNT>0</AMOUNT>
							</ALLLEDGERENTRIES.LIST><ALLLEDGERENTRIES.LIST>
							<LEDGERNAME>USG CHARGES (DR- RASHMI)</LEDGERNAME>
							<REMOVEZEROENTRIES>
								NO
							</REMOVEZEROENTRIES>
							<LEDGERFROMITEM>
								NO
							</LEDGERFROMITEM>
							<ISDEEMEDPOSITIVE>YES</ISDEEMEDPOSITIVE>
							<AMOUNT>0</AMOUNT>
							</ALLLEDGERENTRIES.LIST><ALLLEDGERENTRIES.LIST>
							<LEDGERNAME>LAB CHARGES(REF- BY DR- RASHMI)</LEDGERNAME>
							<REMOVEZEROENTRIES>
								NO
							</REMOVEZEROENTRIES>
							<LEDGERFROMITEM>
								NO
							</LEDGERFROMITEM>
							<ISDEEMEDPOSITIVE>NO</ISDEEMEDPOSITIVE>
							<AMOUNT>700</AMOUNT>
							</ALLLEDGERENTRIES.LIST><ALLLEDGERENTRIES.LIST>
							<LEDGERNAME>PRO CHARGES (REF- BY DR- RASHMI)</LEDGERNAME>
							<REMOVEZEROENTRIES>
								NO
							</REMOVEZEROENTRIES>
							<LEDGERFROMITEM>
								NO
							</LEDGERFROMITEM>
							<ISDEEMEDPOSITIVE>YES</ISDEEMEDPOSITIVE>
							<AMOUNT>0</AMOUNT>
							</ALLLEDGERENTRIES.LIST><ALLLEDGERENTRIES.LIST>
							<LEDGERNAME>Clinic Pharmacy Sale (REF- BY DR- RASHMI)</LEDGERNAME>
							<REMOVEZEROENTRIES>
								NO
							</REMOVEZEROENTRIES>
							<LEDGERFROMITEM>
								NO
							</LEDGERFROMITEM>
							<ISDEEMEDPOSITIVE>YES</ISDEEMEDPOSITIVE>
							<AMOUNT>0</AMOUNT>
							</ALLLEDGERENTRIES.LIST></VOUCHER>
				</TALLYMESSAGE>
			</REQUESTDATA><REQUESTDATA>
				<TALLYMESSAGE>
					<VOUCHER ACTION="Create" VCHTYPE="Journal">
						<VOUCHERTYPENAME>Journal</VOUCHERTYPENAME>
						<DATE>20240304</DATE>
						<VOUCHERNUMBER>Clinic-A MAR'24-9</VOUCHERNUMBER>
						<PARTYLEDGERNAME>
							Cash2
						</PARTYLEDGERNAME>
						<NARRATION>PRN NO- JHSCR2271 | Name: MRS LYJU JIMMY  | 44/F | Address: BAHU BAZAR | Contact: 8292644003</NARRATION>
						<EFFECTIVEDATE>20240304</EFFECTIVEDATE>
					<ALLLEDGERENTRIES.LIST>
							<LEDGERNAME>Clinic Patient Dr- Rashmi</LEDGERNAME>
							<REMOVEZEROENTRIES>
								NO
							</REMOVEZEROENTRIES>
							<LEDGERFROMITEM>
								NO
							</LEDGERFROMITEM>
							<ISDEEMEDPOSITIVE>YES</ISDEEMEDPOSITIVE>
							<AMOUNT>-2800</AMOUNT>
							</ALLLEDGERENTRIES.LIST><ALLLEDGERENTRIES.LIST>
							<LEDGERNAME>OPD CONSULTANCY FEES(DR- RASHMI)</LEDGERNAME>
							<REMOVEZEROENTRIES>
								NO
							</REMOVEZEROENTRIES>
							<LEDGERFROMITEM>
								NO
							</LEDGERFROMITEM>
							<ISDEEMEDPOSITIVE>NO</ISDEEMEDPOSITIVE>
							<AMOUNT>500</AMOUNT>
							</ALLLEDGERENTRIES.LIST><ALLLEDGERENTRIES.LIST>
							<LEDGERNAME>USG CHARGES (DR- RASHMI)</LEDGERNAME>
							<REMOVEZEROENTRIES>
								NO
							</REMOVEZEROENTRIES>
							<LEDGERFROMITEM>
								NO
							</LEDGERFROMITEM>
							<ISDEEMEDPOSITIVE>YES</ISDEEMEDPOSITIVE>
							<AMOUNT>0</AMOUNT>
							</ALLLEDGERENTRIES.LIST><ALLLEDGERENTRIES.LIST>
							<LEDGERNAME>LAB CHARGES(REF- BY DR- RASHMI)</LEDGERNAME>
							<REMOVEZEROENTRIES>
								NO
							</REMOVEZEROENTRIES>
							<LEDGERFROMITEM>
								NO
							</LEDGERFROMITEM>
							<ISDEEMEDPOSITIVE>NO</ISDEEMEDPOSITIVE>
							<AMOUNT>2300</AMOUNT>
							</ALLLEDGERENTRIES.LIST><ALLLEDGERENTRIES.LIST>
							<LEDGERNAME>PRO CHARGES (REF- BY DR- RASHMI)</LEDGERNAME>
							<REMOVEZEROENTRIES>
								NO
							</REMOVEZEROENTRIES>
							<LEDGERFROMITEM>
								NO
							</LEDGERFROMITEM>
							<ISDEEMEDPOSITIVE>YES</ISDEEMEDPOSITIVE>
							<AMOUNT>0</AMOUNT>
							</ALLLEDGERENTRIES.LIST><ALLLEDGERENTRIES.LIST>
							<LEDGERNAME>Clinic Pharmacy Sale (REF- BY DR- RASHMI)</LEDGERNAME>
							<REMOVEZEROENTRIES>
								NO
							</REMOVEZEROENTRIES>
							<LEDGERFROMITEM>
								NO
							</LEDGERFROMITEM>
							<ISDEEMEDPOSITIVE>YES</ISDEEMEDPOSITIVE>
							<AMOUNT>0</AMOUNT>
							</ALLLEDGERENTRIES.LIST></VOUCHER>
				</TALLYMESSAGE>
			</REQUESTDATA><REQUESTDATA>
				<TALLYMESSAGE>
					<VOUCHER ACTION="Create" VCHTYPE="Journal">
						<VOUCHERTYPENAME>Journal</VOUCHERTYPENAME>
						<DATE>20240304</DATE>
						<VOUCHERNUMBER>Clinic-A MAR'24-10</VOUCHERNUMBER>
						<PARTYLEDGERNAME>
							Cash2
						</PARTYLEDGERNAME>
						<NARRATION>PRN NO- JHSCR2272 | Name: MISS GUDIYA HANSDA  | 19/F | Address: DHANBAD | Contact: 748812414</NARRATION>
						<EFFECTIVEDATE>20240304</EFFECTIVEDATE>
					<ALLLEDGERENTRIES.LIST>
							<LEDGERNAME>Clinic Patient Dr- Rashmi</LEDGERNAME>
							<REMOVEZEROENTRIES>
								NO
							</REMOVEZEROENTRIES>
							<LEDGERFROMITEM>
								NO
							</LEDGERFROMITEM>
							<ISDEEMEDPOSITIVE>YES</ISDEEMEDPOSITIVE>
							<AMOUNT>-708</AMOUNT>
							</ALLLEDGERENTRIES.LIST><ALLLEDGERENTRIES.LIST>
							<LEDGERNAME>OPD CONSULTANCY FEES(DR- RASHMI)</LEDGERNAME>
							<REMOVEZEROENTRIES>
								NO
							</REMOVEZEROENTRIES>
							<LEDGERFROMITEM>
								NO
							</LEDGERFROMITEM>
							<ISDEEMEDPOSITIVE>NO</ISDEEMEDPOSITIVE>
							<AMOUNT>500</AMOUNT>
							</ALLLEDGERENTRIES.LIST><ALLLEDGERENTRIES.LIST>
							<LEDGERNAME>USG CHARGES (DR- RASHMI)</LEDGERNAME>
							<REMOVEZEROENTRIES>
								NO
							</REMOVEZEROENTRIES>
							<LEDGERFROMITEM>
								NO
							</LEDGERFROMITEM>
							<ISDEEMEDPOSITIVE>YES</ISDEEMEDPOSITIVE>
							<AMOUNT>0</AMOUNT>
							</ALLLEDGERENTRIES.LIST><ALLLEDGERENTRIES.LIST>
							<LEDGERNAME>LAB CHARGES(REF- BY DR- RASHMI)</LEDGERNAME>
							<REMOVEZEROENTRIES>
								NO
							</REMOVEZEROENTRIES>
							<LEDGERFROMITEM>
								NO
							</LEDGERFROMITEM>
							<ISDEEMEDPOSITIVE>YES</ISDEEMEDPOSITIVE>
							<AMOUNT>0</AMOUNT>
							</ALLLEDGERENTRIES.LIST><ALLLEDGERENTRIES.LIST>
							<LEDGERNAME>PRO CHARGES (REF- BY DR- RASHMI)</LEDGERNAME>
							<REMOVEZEROENTRIES>
								NO
							</REMOVEZEROENTRIES>
							<LEDGERFROMITEM>
								NO
							</LEDGERFROMITEM>
							<ISDEEMEDPOSITIVE>NO</ISDEEMEDPOSITIVE>
							<AMOUNT>100</AMOUNT>
							</ALLLEDGERENTRIES.LIST><ALLLEDGERENTRIES.LIST>
							<LEDGERNAME>Clinic Pharmacy Sale (REF- BY DR- RASHMI)</LEDGERNAME>
							<REMOVEZEROENTRIES>
								NO
							</REMOVEZEROENTRIES>
							<LEDGERFROMITEM>
								NO
							</LEDGERFROMITEM>
							<ISDEEMEDPOSITIVE>NO</ISDEEMEDPOSITIVE>
							<AMOUNT>108</AMOUNT>
							</ALLLEDGERENTRIES.LIST></VOUCHER>
				</TALLYMESSAGE>
			</REQUESTDATA><REQUESTDATA>
				<TALLYMESSAGE>
					<VOUCHER ACTION="Create" VCHTYPE="Journal">
						<VOUCHERTYPENAME>Journal</VOUCHERTYPENAME>
						<DATE>20240304</DATE>
						<VOUCHERNUMBER>Clinic-A MAR'24-11</VOUCHERNUMBER>
						<PARTYLEDGERNAME>
							Cash2
						</PARTYLEDGERNAME>
						<NARRATION>PRN NO- JHSCR2046 | Name: MRS JALAMATI GAIKWAD  | 22/F | Address: DIPATOLI | Contact: 9027679429</NARRATION>
						<EFFECTIVEDATE>20240304</EFFECTIVEDATE>
					<ALLLEDGERENTRIES.LIST>
							<LEDGERNAME>Clinic Patient Dr- Rashmi</LEDGERNAME>
							<REMOVEZEROENTRIES>
								NO
							</REMOVEZEROENTRIES>
							<LEDGERFROMITEM>
								NO
							</LEDGERFROMITEM>
							<ISDEEMEDPOSITIVE>YES</ISDEEMEDPOSITIVE>
							<AMOUNT>-500</AMOUNT>
							</ALLLEDGERENTRIES.LIST><ALLLEDGERENTRIES.LIST>
							<LEDGERNAME>OPD CONSULTANCY FEES(DR- RASHMI)</LEDGERNAME>
							<REMOVEZEROENTRIES>
								NO
							</REMOVEZEROENTRIES>
							<LEDGERFROMITEM>
								NO
							</LEDGERFROMITEM>
							<ISDEEMEDPOSITIVE>NO</ISDEEMEDPOSITIVE>
							<AMOUNT>500</AMOUNT>
							</ALLLEDGERENTRIES.LIST><ALLLEDGERENTRIES.LIST>
							<LEDGERNAME>USG CHARGES (DR- RASHMI)</LEDGERNAME>
							<REMOVEZEROENTRIES>
								NO
							</REMOVEZEROENTRIES>
							<LEDGERFROMITEM>
								NO
							</LEDGERFROMITEM>
							<ISDEEMEDPOSITIVE>YES</ISDEEMEDPOSITIVE>
							<AMOUNT>0</AMOUNT>
							</ALLLEDGERENTRIES.LIST><ALLLEDGERENTRIES.LIST>
							<LEDGERNAME>LAB CHARGES(REF- BY DR- RASHMI)</LEDGERNAME>
							<REMOVEZEROENTRIES>
								NO
							</REMOVEZEROENTRIES>
							<LEDGERFROMITEM>
								NO
							</LEDGERFROMITEM>
							<ISDEEMEDPOSITIVE>YES</ISDEEMEDPOSITIVE>
							<AMOUNT>0</AMOUNT>
							</ALLLEDGERENTRIES.LIST><ALLLEDGERENTRIES.LIST>
							<LEDGERNAME>PRO CHARGES (REF- BY DR- RASHMI)</LEDGERNAME>
							<REMOVEZEROENTRIES>
								NO
							</REMOVEZEROENTRIES>
							<LEDGERFROMITEM>
								NO
							</LEDGERFROMITEM>
							<ISDEEMEDPOSITIVE>YES</ISDEEMEDPOSITIVE>
							<AMOUNT>0</AMOUNT>
							</ALLLEDGERENTRIES.LIST><ALLLEDGERENTRIES.LIST>
							<LEDGERNAME>Clinic Pharmacy Sale (REF- BY DR- RASHMI)</LEDGERNAME>
							<REMOVEZEROENTRIES>
								NO
							</REMOVEZEROENTRIES>
							<LEDGERFROMITEM>
								NO
							</LEDGERFROMITEM>
							<ISDEEMEDPOSITIVE>YES</ISDEEMEDPOSITIVE>
							<AMOUNT>0</AMOUNT>
							</ALLLEDGERENTRIES.LIST></VOUCHER>
				</TALLYMESSAGE>
			</REQUESTDATA><REQUESTDATA>
				<TALLYMESSAGE>
					<VOUCHER ACTION="Create" VCHTYPE="Journal">
						<VOUCHERTYPENAME>Journal</VOUCHERTYPENAME>
						<DATE>20240305</DATE>
						<VOUCHERNUMBER>Clinic-A MAR'24-12</VOUCHERNUMBER>
						<PARTYLEDGERNAME>
							Cash2
						</PARTYLEDGERNAME>
						<NARRATION>PRN NO- JHSCR2275 | Name: MRS MAMTA DAS  | 39/F | Address: DIPATOLI | Contact: 6005869764</NARRATION>
						<EFFECTIVEDATE>20240305</EFFECTIVEDATE>
					<ALLLEDGERENTRIES.LIST>
							<LEDGERNAME>Clinic Patient Dr- Rashmi</LEDGERNAME>
							<REMOVEZEROENTRIES>
								NO
							</REMOVEZEROENTRIES>
							<LEDGERFROMITEM>
								NO
							</LEDGERFROMITEM>
							<ISDEEMEDPOSITIVE>YES</ISDEEMEDPOSITIVE>
							<AMOUNT>-2378</AMOUNT>
							</ALLLEDGERENTRIES.LIST><ALLLEDGERENTRIES.LIST>
							<LEDGERNAME>OPD CONSULTANCY FEES(DR- RASHMI)</LEDGERNAME>
							<REMOVEZEROENTRIES>
								NO
							</REMOVEZEROENTRIES>
							<LEDGERFROMITEM>
								NO
							</LEDGERFROMITEM>
							<ISDEEMEDPOSITIVE>NO</ISDEEMEDPOSITIVE>
							<AMOUNT>500</AMOUNT>
							</ALLLEDGERENTRIES.LIST><ALLLEDGERENTRIES.LIST>
							<LEDGERNAME>USG CHARGES (DR- RASHMI)</LEDGERNAME>
							<REMOVEZEROENTRIES>
								NO
							</REMOVEZEROENTRIES>
							<LEDGERFROMITEM>
								NO
							</LEDGERFROMITEM>
							<ISDEEMEDPOSITIVE>NO</ISDEEMEDPOSITIVE>
							<AMOUNT>1000</AMOUNT>
							</ALLLEDGERENTRIES.LIST><ALLLEDGERENTRIES.LIST>
							<LEDGERNAME>LAB CHARGES(REF- BY DR- RASHMI)</LEDGERNAME>
							<REMOVEZEROENTRIES>
								NO
							</REMOVEZEROENTRIES>
							<LEDGERFROMITEM>
								NO
							</LEDGERFROMITEM>
							<ISDEEMEDPOSITIVE>NO</ISDEEMEDPOSITIVE>
							<AMOUNT>700</AMOUNT>
							</ALLLEDGERENTRIES.LIST><ALLLEDGERENTRIES.LIST>
							<LEDGERNAME>PRO CHARGES (REF- BY DR- RASHMI)</LEDGERNAME>
							<REMOVEZEROENTRIES>
								NO
							</REMOVEZEROENTRIES>
							<LEDGERFROMITEM>
								NO
							</LEDGERFROMITEM>
							<ISDEEMEDPOSITIVE>YES</ISDEEMEDPOSITIVE>
							<AMOUNT>0</AMOUNT>
							</ALLLEDGERENTRIES.LIST><ALLLEDGERENTRIES.LIST>
							<LEDGERNAME>Clinic Pharmacy Sale (REF- BY DR- RASHMI)</LEDGERNAME>
							<REMOVEZEROENTRIES>
								NO
							</REMOVEZEROENTRIES>
							<LEDGERFROMITEM>
								NO
							</LEDGERFROMITEM>
							<ISDEEMEDPOSITIVE>NO</ISDEEMEDPOSITIVE>
							<AMOUNT>178</AMOUNT>
							</ALLLEDGERENTRIES.LIST></VOUCHER>
				</TALLYMESSAGE>
			</REQUESTDATA><REQUESTDATA>
				<TALLYMESSAGE>
					<VOUCHER ACTION="Create" VCHTYPE="Journal">
						<VOUCHERTYPENAME>Journal</VOUCHERTYPENAME>
						<DATE>20240305</DATE>
						<VOUCHERNUMBER>Clinic-A MAR'24-13</VOUCHERNUMBER>
						<PARTYLEDGERNAME>
							Cash2
						</PARTYLEDGERNAME>
						<NARRATION>PRN NO- JHSCR2071 | Name: MRS ANNU SINGH  | 29/F | Address: AYODHYAPURI R-N--03 KOKAR | Contact: 7004797004</NARRATION>
						<EFFECTIVEDATE>20240305</EFFECTIVEDATE>
					<ALLLEDGERENTRIES.LIST>
							<LEDGERNAME>Clinic Patient Dr- Rashmi</LEDGERNAME>
							<REMOVEZEROENTRIES>
								NO
							</REMOVEZEROENTRIES>
							<LEDGERFROMITEM>
								NO
							</LEDGERFROMITEM>
							<ISDEEMEDPOSITIVE>YES</ISDEEMEDPOSITIVE>
							<AMOUNT>-3237</AMOUNT>
							</ALLLEDGERENTRIES.LIST><ALLLEDGERENTRIES.LIST>
							<LEDGERNAME>OPD CONSULTANCY FEES(DR- RASHMI)</LEDGERNAME>
							<REMOVEZEROENTRIES>
								NO
							</REMOVEZEROENTRIES>
							<LEDGERFROMITEM>
								NO
							</LEDGERFROMITEM>
							<ISDEEMEDPOSITIVE>NO</ISDEEMEDPOSITIVE>
							<AMOUNT>500</AMOUNT>
							</ALLLEDGERENTRIES.LIST><ALLLEDGERENTRIES.LIST>
							<LEDGERNAME>USG CHARGES (DR- RASHMI)</LEDGERNAME>
							<REMOVEZEROENTRIES>
								NO
							</REMOVEZEROENTRIES>
							<LEDGERFROMITEM>
								NO
							</LEDGERFROMITEM>
							<ISDEEMEDPOSITIVE>YES</ISDEEMEDPOSITIVE>
							<AMOUNT>0</AMOUNT>
							</ALLLEDGERENTRIES.LIST><ALLLEDGERENTRIES.LIST>
							<LEDGERNAME>LAB CHARGES(REF- BY DR- RASHMI)</LEDGERNAME>
							<REMOVEZEROENTRIES>
								NO
							</REMOVEZEROENTRIES>
							<LEDGERFROMITEM>
								NO
							</LEDGERFROMITEM>
							<ISDEEMEDPOSITIVE>NO</ISDEEMEDPOSITIVE>
							<AMOUNT>1840</AMOUNT>
							</ALLLEDGERENTRIES.LIST><ALLLEDGERENTRIES.LIST>
							<LEDGERNAME>PRO CHARGES (REF- BY DR- RASHMI)</LEDGERNAME>
							<REMOVEZEROENTRIES>
								NO
							</REMOVEZEROENTRIES>
							<LEDGERFROMITEM>
								NO
							</LEDGERFROMITEM>
							<ISDEEMEDPOSITIVE>YES</ISDEEMEDPOSITIVE>
							<AMOUNT>0</AMOUNT>
							</ALLLEDGERENTRIES.LIST><ALLLEDGERENTRIES.LIST>
							<LEDGERNAME>Clinic Pharmacy Sale (REF- BY DR- RASHMI)</LEDGERNAME>
							<REMOVEZEROENTRIES>
								NO
							</REMOVEZEROENTRIES>
							<LEDGERFROMITEM>
								NO
							</LEDGERFROMITEM>
							<ISDEEMEDPOSITIVE>NO</ISDEEMEDPOSITIVE>
							<AMOUNT>897</AMOUNT>
							</ALLLEDGERENTRIES.LIST></VOUCHER>
				</TALLYMESSAGE>
			</REQUESTDATA><REQUESTDATA>
				<TALLYMESSAGE>
					<VOUCHER ACTION="Create" VCHTYPE="Journal">
						<VOUCHERTYPENAME>Journal</VOUCHERTYPENAME>
						<DATE>20240305</DATE>
						<VOUCHERNUMBER>Clinic-A MAR'24-14</VOUCHERNUMBER>
						<PARTYLEDGERNAME>
							Cash2
						</PARTYLEDGERNAME>
						<NARRATION>PRN NO- JHSCR1932 | Name: MRS  MANISHA KHANDARE  | 27/F | Address: ARMY CAMP DIPATOLI | Contact: 9028519660</NARRATION>
						<EFFECTIVEDATE>20240305</EFFECTIVEDATE>
					<ALLLEDGERENTRIES.LIST>
							<LEDGERNAME>Clinic Patient Dr- Rashmi</LEDGERNAME>
							<REMOVEZEROENTRIES>
								NO
							</REMOVEZEROENTRIES>
							<LEDGERFROMITEM>
								NO
							</LEDGERFROMITEM>
							<ISDEEMEDPOSITIVE>YES</ISDEEMEDPOSITIVE>
							<AMOUNT>-356</AMOUNT>
							</ALLLEDGERENTRIES.LIST><ALLLEDGERENTRIES.LIST>
							<LEDGERNAME>OPD CONSULTANCY FEES(DR- RASHMI)</LEDGERNAME>
							<REMOVEZEROENTRIES>
								NO
							</REMOVEZEROENTRIES>
							<LEDGERFROMITEM>
								NO
							</LEDGERFROMITEM>
							<ISDEEMEDPOSITIVE>YES</ISDEEMEDPOSITIVE>
							<AMOUNT>0</AMOUNT>
							</ALLLEDGERENTRIES.LIST><ALLLEDGERENTRIES.LIST>
							<LEDGERNAME>USG CHARGES (DR- RASHMI)</LEDGERNAME>
							<REMOVEZEROENTRIES>
								NO
							</REMOVEZEROENTRIES>
							<LEDGERFROMITEM>
								NO
							</LEDGERFROMITEM>
							<ISDEEMEDPOSITIVE>YES</ISDEEMEDPOSITIVE>
							<AMOUNT>0</AMOUNT>
							</ALLLEDGERENTRIES.LIST><ALLLEDGERENTRIES.LIST>
							<LEDGERNAME>LAB CHARGES(REF- BY DR- RASHMI)</LEDGERNAME>
							<REMOVEZEROENTRIES>
								NO
							</REMOVEZEROENTRIES>
							<LEDGERFROMITEM>
								NO
							</LEDGERFROMITEM>
							<ISDEEMEDPOSITIVE>YES</ISDEEMEDPOSITIVE>
							<AMOUNT>0</AMOUNT>
							</ALLLEDGERENTRIES.LIST><ALLLEDGERENTRIES.LIST>
							<LEDGERNAME>PRO CHARGES (REF- BY DR- RASHMI)</LEDGERNAME>
							<REMOVEZEROENTRIES>
								NO
							</REMOVEZEROENTRIES>
							<LEDGERFROMITEM>
								NO
							</LEDGERFROMITEM>
							<ISDEEMEDPOSITIVE>YES</ISDEEMEDPOSITIVE>
							<AMOUNT>0</AMOUNT>
							</ALLLEDGERENTRIES.LIST><ALLLEDGERENTRIES.LIST>
							<LEDGERNAME>Clinic Pharmacy Sale (REF- BY DR- RASHMI)</LEDGERNAME>
							<REMOVEZEROENTRIES>
								NO
							</REMOVEZEROENTRIES>
							<LEDGERFROMITEM>
								NO
							</LEDGERFROMITEM>
							<ISDEEMEDPOSITIVE>NO</ISDEEMEDPOSITIVE>
							<AMOUNT>356</AMOUNT>
							</ALLLEDGERENTRIES.LIST></VOUCHER>
				</TALLYMESSAGE>
			</REQUESTDATA><REQUESTDATA>
				<TALLYMESSAGE>
					<VOUCHER ACTION="Create" VCHTYPE="Journal">
						<VOUCHERTYPENAME>Journal</VOUCHERTYPENAME>
						<DATE>20240306</DATE>
						<VOUCHERNUMBER>Clinic-A MAR'24-15</VOUCHERNUMBER>
						<PARTYLEDGERNAME>
							Cash2
						</PARTYLEDGERNAME>
						<NARRATION>PRN NO- JHSCR2270 | Name: MRS MAMTA NAYAK  | 29/F | Address: DIPATOLI | Contact: 8527453080</NARRATION>
						<EFFECTIVEDATE>20240306</EFFECTIVEDATE>
					<ALLLEDGERENTRIES.LIST>
							<LEDGERNAME>Clinic Patient Dr- Rashmi</LEDGERNAME>
							<REMOVEZEROENTRIES>
								NO
							</REMOVEZEROENTRIES>
							<LEDGERFROMITEM>
								NO
							</LEDGERFROMITEM>
							<ISDEEMEDPOSITIVE>YES</ISDEEMEDPOSITIVE>
							<AMOUNT>-700</AMOUNT>
							</ALLLEDGERENTRIES.LIST><ALLLEDGERENTRIES.LIST>
							<LEDGERNAME>OPD CONSULTANCY FEES(DR- RASHMI)</LEDGERNAME>
							<REMOVEZEROENTRIES>
								NO
							</REMOVEZEROENTRIES>
							<LEDGERFROMITEM>
								NO
							</LEDGERFROMITEM>
							<ISDEEMEDPOSITIVE>YES</ISDEEMEDPOSITIVE>
							<AMOUNT>0</AMOUNT>
							</ALLLEDGERENTRIES.LIST><ALLLEDGERENTRIES.LIST>
							<LEDGERNAME>USG CHARGES (DR- RASHMI)</LEDGERNAME>
							<REMOVEZEROENTRIES>
								NO
							</REMOVEZEROENTRIES>
							<LEDGERFROMITEM>
								NO
							</LEDGERFROMITEM>
							<ISDEEMEDPOSITIVE>YES</ISDEEMEDPOSITIVE>
							<AMOUNT>0</AMOUNT>
							</ALLLEDGERENTRIES.LIST><ALLLEDGERENTRIES.LIST>
							<LEDGERNAME>LAB CHARGES(REF- BY DR- RASHMI)</LEDGERNAME>
							<REMOVEZEROENTRIES>
								NO
							</REMOVEZEROENTRIES>
							<LEDGERFROMITEM>
								NO
							</LEDGERFROMITEM>
							<ISDEEMEDPOSITIVE>NO</ISDEEMEDPOSITIVE>
							<AMOUNT>700</AMOUNT>
							</ALLLEDGERENTRIES.LIST><ALLLEDGERENTRIES.LIST>
							<LEDGERNAME>PRO CHARGES (REF- BY DR- RASHMI)</LEDGERNAME>
							<REMOVEZEROENTRIES>
								NO
							</REMOVEZEROENTRIES>
							<LEDGERFROMITEM>
								NO
							</LEDGERFROMITEM>
							<ISDEEMEDPOSITIVE>YES</ISDEEMEDPOSITIVE>
							<AMOUNT>0</AMOUNT>
							</ALLLEDGERENTRIES.LIST><ALLLEDGERENTRIES.LIST>
							<LEDGERNAME>Clinic Pharmacy Sale (REF- BY DR- RASHMI)</LEDGERNAME>
							<REMOVEZEROENTRIES>
								NO
							</REMOVEZEROENTRIES>
							<LEDGERFROMITEM>
								NO
							</LEDGERFROMITEM>
							<ISDEEMEDPOSITIVE>YES</ISDEEMEDPOSITIVE>
							<AMOUNT>0</AMOUNT>
							</ALLLEDGERENTRIES.LIST></VOUCHER>
				</TALLYMESSAGE>
			</REQUESTDATA><REQUESTDATA>
				<TALLYMESSAGE>
					<VOUCHER ACTION="Create" VCHTYPE="Journal">
						<VOUCHERTYPENAME>Journal</VOUCHERTYPENAME>
						<DATE>20240306</DATE>
						<VOUCHERNUMBER>Clinic-A MAR'24-16</VOUCHERNUMBER>
						<PARTYLEDGERNAME>
							Cash2
						</PARTYLEDGERNAME>
						<NARRATION>PRN NO- JHSCR1831 | Name: MRS DEEPTIKA MALHOTRA   | 34/F | Address: BARIATU | Contact: 7275129094</NARRATION>
						<EFFECTIVEDATE>20240306</EFFECTIVEDATE>
					<ALLLEDGERENTRIES.LIST>
							<LEDGERNAME>Clinic Patient Dr- Rashmi</LEDGERNAME>
							<REMOVEZEROENTRIES>
								NO
							</REMOVEZEROENTRIES>
							<LEDGERFROMITEM>
								NO
							</LEDGERFROMITEM>
							<ISDEEMEDPOSITIVE>YES</ISDEEMEDPOSITIVE>
							<AMOUNT>-500</AMOUNT>
							</ALLLEDGERENTRIES.LIST><ALLLEDGERENTRIES.LIST>
							<LEDGERNAME>OPD CONSULTANCY FEES(DR- RASHMI)</LEDGERNAME>
							<REMOVEZEROENTRIES>
								NO
							</REMOVEZEROENTRIES>
							<LEDGERFROMITEM>
								NO
							</LEDGERFROMITEM>
							<ISDEEMEDPOSITIVE>NO</ISDEEMEDPOSITIVE>
							<AMOUNT>500</AMOUNT>
							</ALLLEDGERENTRIES.LIST><ALLLEDGERENTRIES.LIST>
							<LEDGERNAME>USG CHARGES (DR- RASHMI)</LEDGERNAME>
							<REMOVEZEROENTRIES>
								NO
							</REMOVEZEROENTRIES>
							<LEDGERFROMITEM>
								NO
							</LEDGERFROMITEM>
							<ISDEEMEDPOSITIVE>YES</ISDEEMEDPOSITIVE>
							<AMOUNT>0</AMOUNT>
							</ALLLEDGERENTRIES.LIST><ALLLEDGERENTRIES.LIST>
							<LEDGERNAME>LAB CHARGES(REF- BY DR- RASHMI)</LEDGERNAME>
							<REMOVEZEROENTRIES>
								NO
							</REMOVEZEROENTRIES>
							<LEDGERFROMITEM>
								NO
							</LEDGERFROMITEM>
							<ISDEEMEDPOSITIVE>YES</ISDEEMEDPOSITIVE>
							<AMOUNT>0</AMOUNT>
							</ALLLEDGERENTRIES.LIST><ALLLEDGERENTRIES.LIST>
							<LEDGERNAME>PRO CHARGES (REF- BY DR- RASHMI)</LEDGERNAME>
							<REMOVEZEROENTRIES>
								NO
							</REMOVEZEROENTRIES>
							<LEDGERFROMITEM>
								NO
							</LEDGERFROMITEM>
							<ISDEEMEDPOSITIVE>YES</ISDEEMEDPOSITIVE>
							<AMOUNT>0</AMOUNT>
							</ALLLEDGERENTRIES.LIST><ALLLEDGERENTRIES.LIST>
							<LEDGERNAME>Clinic Pharmacy Sale (REF- BY DR- RASHMI)</LEDGERNAME>
							<REMOVEZEROENTRIES>
								NO
							</REMOVEZEROENTRIES>
							<LEDGERFROMITEM>
								NO
							</LEDGERFROMITEM>
							<ISDEEMEDPOSITIVE>YES</ISDEEMEDPOSITIVE>
							<AMOUNT>0</AMOUNT>
							</ALLLEDGERENTRIES.LIST></VOUCHER>
				</TALLYMESSAGE>
			</REQUESTDATA><REQUESTDATA>
				<TALLYMESSAGE>
					<VOUCHER ACTION="Create" VCHTYPE="Journal">
						<VOUCHERTYPENAME>Journal</VOUCHERTYPENAME>
						<DATE>20240306</DATE>
						<VOUCHERNUMBER>Clinic-A MAR'24-17</VOUCHERNUMBER>
						<PARTYLEDGERNAME>
							Cash2
						</PARTYLEDGERNAME>
						<NARRATION>PRN NO- JHSCR2278 | Name: MRS SINKI KUMARI  | 31/F | Address: DUMKA | Contact: 9693629533</NARRATION>
						<EFFECTIVEDATE>20240306</EFFECTIVEDATE>
					<ALLLEDGERENTRIES.LIST>
							<LEDGERNAME>Clinic Patient Dr- Rashmi</LEDGERNAME>
							<REMOVEZEROENTRIES>
								NO
							</REMOVEZEROENTRIES>
							<LEDGERFROMITEM>
								NO
							</LEDGERFROMITEM>
							<ISDEEMEDPOSITIVE>YES</ISDEEMEDPOSITIVE>
							<AMOUNT>-2900</AMOUNT>
							</ALLLEDGERENTRIES.LIST><ALLLEDGERENTRIES.LIST>
							<LEDGERNAME>OPD CONSULTANCY FEES(DR- RASHMI)</LEDGERNAME>
							<REMOVEZEROENTRIES>
								NO
							</REMOVEZEROENTRIES>
							<LEDGERFROMITEM>
								NO
							</LEDGERFROMITEM>
							<ISDEEMEDPOSITIVE>NO</ISDEEMEDPOSITIVE>
							<AMOUNT>500</AMOUNT>
							</ALLLEDGERENTRIES.LIST><ALLLEDGERENTRIES.LIST>
							<LEDGERNAME>USG CHARGES (DR- RASHMI)</LEDGERNAME>
							<REMOVEZEROENTRIES>
								NO
							</REMOVEZEROENTRIES>
							<LEDGERFROMITEM>
								NO
							</LEDGERFROMITEM>
							<ISDEEMEDPOSITIVE>YES</ISDEEMEDPOSITIVE>
							<AMOUNT>0</AMOUNT>
							</ALLLEDGERENTRIES.LIST><ALLLEDGERENTRIES.LIST>
							<LEDGERNAME>LAB CHARGES(REF- BY DR- RASHMI)</LEDGERNAME>
							<REMOVEZEROENTRIES>
								NO
							</REMOVEZEROENTRIES>
							<LEDGERFROMITEM>
								NO
							</LEDGERFROMITEM>
							<ISDEEMEDPOSITIVE>NO</ISDEEMEDPOSITIVE>
							<AMOUNT>2400</AMOUNT>
							</ALLLEDGERENTRIES.LIST><ALLLEDGERENTRIES.LIST>
							<LEDGERNAME>PRO CHARGES (REF- BY DR- RASHMI)</LEDGERNAME>
							<REMOVEZEROENTRIES>
								NO
							</REMOVEZEROENTRIES>
							<LEDGERFROMITEM>
								NO
							</LEDGERFROMITEM>
							<ISDEEMEDPOSITIVE>YES</ISDEEMEDPOSITIVE>
							<AMOUNT>0</AMOUNT>
							</ALLLEDGERENTRIES.LIST><ALLLEDGERENTRIES.LIST>
							<LEDGERNAME>Clinic Pharmacy Sale (REF- BY DR- RASHMI)</LEDGERNAME>
							<REMOVEZEROENTRIES>
								NO
							</REMOVEZEROENTRIES>
							<LEDGERFROMITEM>
								NO
							</LEDGERFROMITEM>
							<ISDEEMEDPOSITIVE>YES</ISDEEMEDPOSITIVE>
							<AMOUNT>0</AMOUNT>
							</ALLLEDGERENTRIES.LIST></VOUCHER>
				</TALLYMESSAGE>
			</REQUESTDATA><REQUESTDATA>
				<TALLYMESSAGE>
					<VOUCHER ACTION="Create" VCHTYPE="Journal">
						<VOUCHERTYPENAME>Journal</VOUCHERTYPENAME>
						<DATE>20240308</DATE>
						<VOUCHERNUMBER>Clinic-A MAR'24-18</VOUCHERNUMBER>
						<PARTYLEDGERNAME>
							Cash2
						</PARTYLEDGERNAME>
						<NARRATION>PRN NO- JHSCR2282 | Name: MRS SEEMA KUMARI  | 34/F | Address: HAZARIBAGH | Contact: 9632852798</NARRATION>
						<EFFECTIVEDATE>20240308</EFFECTIVEDATE>
					<ALLLEDGERENTRIES.LIST>
							<LEDGERNAME>Clinic Patient Dr- Rashmi</LEDGERNAME>
							<REMOVEZEROENTRIES>
								NO
							</REMOVEZEROENTRIES>
							<LEDGERFROMITEM>
								NO
							</LEDGERFROMITEM>
							<ISDEEMEDPOSITIVE>YES</ISDEEMEDPOSITIVE>
							<AMOUNT>-500</AMOUNT>
							</ALLLEDGERENTRIES.LIST><ALLLEDGERENTRIES.LIST>
							<LEDGERNAME>OPD CONSULTANCY FEES(DR- RASHMI)</LEDGERNAME>
							<REMOVEZEROENTRIES>
								NO
							</REMOVEZEROENTRIES>
							<LEDGERFROMITEM>
								NO
							</LEDGERFROMITEM>
							<ISDEEMEDPOSITIVE>NO</ISDEEMEDPOSITIVE>
							<AMOUNT>500</AMOUNT>
							</ALLLEDGERENTRIES.LIST><ALLLEDGERENTRIES.LIST>
							<LEDGERNAME>USG CHARGES (DR- RASHMI)</LEDGERNAME>
							<REMOVEZEROENTRIES>
								NO
							</REMOVEZEROENTRIES>
							<LEDGERFROMITEM>
								NO
							</LEDGERFROMITEM>
							<ISDEEMEDPOSITIVE>YES</ISDEEMEDPOSITIVE>
							<AMOUNT>0</AMOUNT>
							</ALLLEDGERENTRIES.LIST><ALLLEDGERENTRIES.LIST>
							<LEDGERNAME>LAB CHARGES(REF- BY DR- RASHMI)</LEDGERNAME>
							<REMOVEZEROENTRIES>
								NO
							</REMOVEZEROENTRIES>
							<LEDGERFROMITEM>
								NO
							</LEDGERFROMITEM>
							<ISDEEMEDPOSITIVE>YES</ISDEEMEDPOSITIVE>
							<AMOUNT>0</AMOUNT>
							</ALLLEDGERENTRIES.LIST><ALLLEDGERENTRIES.LIST>
							<LEDGERNAME>PRO CHARGES (REF- BY DR- RASHMI)</LEDGERNAME>
							<REMOVEZEROENTRIES>
								NO
							</REMOVEZEROENTRIES>
							<LEDGERFROMITEM>
								NO
							</LEDGERFROMITEM>
							<ISDEEMEDPOSITIVE>YES</ISDEEMEDPOSITIVE>
							<AMOUNT>0</AMOUNT>
							</ALLLEDGERENTRIES.LIST><ALLLEDGERENTRIES.LIST>
							<LEDGERNAME>Clinic Pharmacy Sale (REF- BY DR- RASHMI)</LEDGERNAME>
							<REMOVEZEROENTRIES>
								NO
							</REMOVEZEROENTRIES>
							<LEDGERFROMITEM>
								NO
							</LEDGERFROMITEM>
							<ISDEEMEDPOSITIVE>YES</ISDEEMEDPOSITIVE>
							<AMOUNT>0</AMOUNT>
							</ALLLEDGERENTRIES.LIST></VOUCHER>
				</TALLYMESSAGE>
			</REQUESTDATA><REQUESTDATA>
				<TALLYMESSAGE>
					<VOUCHER ACTION="Create" VCHTYPE="Journal">
						<VOUCHERTYPENAME>Journal</VOUCHERTYPENAME>
						<DATE>20240308</DATE>
						<VOUCHERNUMBER>Clinic-A MAR'24-19</VOUCHERNUMBER>
						<PARTYLEDGERNAME>
							Cash2
						</PARTYLEDGERNAME>
						<NARRATION>PRN NO- JHSCR2283 | Name: MRS KANCHAN KUMARI  | 21/f | Address: KOKAR RANCHI | Contact: 7050801974</NARRATION>
						<EFFECTIVEDATE>20240308</EFFECTIVEDATE>
					<ALLLEDGERENTRIES.LIST>
							<LEDGERNAME>Clinic Patient Dr- Rashmi</LEDGERNAME>
							<REMOVEZEROENTRIES>
								NO
							</REMOVEZEROENTRIES>
							<LEDGERFROMITEM>
								NO
							</LEDGERFROMITEM>
							<ISDEEMEDPOSITIVE>YES</ISDEEMEDPOSITIVE>
							<AMOUNT>-2800</AMOUNT>
							</ALLLEDGERENTRIES.LIST><ALLLEDGERENTRIES.LIST>
							<LEDGERNAME>OPD CONSULTANCY FEES(DR- RASHMI)</LEDGERNAME>
							<REMOVEZEROENTRIES>
								NO
							</REMOVEZEROENTRIES>
							<LEDGERFROMITEM>
								NO
							</LEDGERFROMITEM>
							<ISDEEMEDPOSITIVE>NO</ISDEEMEDPOSITIVE>
							<AMOUNT>500</AMOUNT>
							</ALLLEDGERENTRIES.LIST><ALLLEDGERENTRIES.LIST>
							<LEDGERNAME>USG CHARGES (DR- RASHMI)</LEDGERNAME>
							<REMOVEZEROENTRIES>
								NO
							</REMOVEZEROENTRIES>
							<LEDGERFROMITEM>
								NO
							</LEDGERFROMITEM>
							<ISDEEMEDPOSITIVE>YES</ISDEEMEDPOSITIVE>
							<AMOUNT>0</AMOUNT>
							</ALLLEDGERENTRIES.LIST><ALLLEDGERENTRIES.LIST>
							<LEDGERNAME>LAB CHARGES(REF- BY DR- RASHMI)</LEDGERNAME>
							<REMOVEZEROENTRIES>
								NO
							</REMOVEZEROENTRIES>
							<LEDGERFROMITEM>
								NO
							</LEDGERFROMITEM>
							<ISDEEMEDPOSITIVE>NO</ISDEEMEDPOSITIVE>
							<AMOUNT>2300</AMOUNT>
							</ALLLEDGERENTRIES.LIST><ALLLEDGERENTRIES.LIST>
							<LEDGERNAME>PRO CHARGES (REF- BY DR- RASHMI)</LEDGERNAME>
							<REMOVEZEROENTRIES>
								NO
							</REMOVEZEROENTRIES>
							<LEDGERFROMITEM>
								NO
							</LEDGERFROMITEM>
							<ISDEEMEDPOSITIVE>YES</ISDEEMEDPOSITIVE>
							<AMOUNT>0</AMOUNT>
							</ALLLEDGERENTRIES.LIST><ALLLEDGERENTRIES.LIST>
							<LEDGERNAME>Clinic Pharmacy Sale (REF- BY DR- RASHMI)</LEDGERNAME>
							<REMOVEZEROENTRIES>
								NO
							</REMOVEZEROENTRIES>
							<LEDGERFROMITEM>
								NO
							</LEDGERFROMITEM>
							<ISDEEMEDPOSITIVE>YES</ISDEEMEDPOSITIVE>
							<AMOUNT>0</AMOUNT>
							</ALLLEDGERENTRIES.LIST></VOUCHER>
				</TALLYMESSAGE>
			</REQUESTDATA><REQUESTDATA>
				<TALLYMESSAGE>
					<VOUCHER ACTION="Create" VCHTYPE="Journal">
						<VOUCHERTYPENAME>Journal</VOUCHERTYPENAME>
						<DATE>20240308</DATE>
						<VOUCHERNUMBER>Clinic-A MAR'24-20</VOUCHERNUMBER>
						<PARTYLEDGERNAME>
							Cash2
						</PARTYLEDGERNAME>
						<NARRATION>PRN NO- JHSCR1935 | Name: MRS KUMARI DIVYA SINGH  | 32/F | Address: KATHITAD RATU | Contact: 9546732337</NARRATION>
						<EFFECTIVEDATE>20240308</EFFECTIVEDATE>
					<ALLLEDGERENTRIES.LIST>
							<LEDGERNAME>Clinic Patient Dr- Rashmi</LEDGERNAME>
							<REMOVEZEROENTRIES>
								NO
							</REMOVEZEROENTRIES>
							<LEDGERFROMITEM>
								NO
							</LEDGERFROMITEM>
							<ISDEEMEDPOSITIVE>YES</ISDEEMEDPOSITIVE>
							<AMOUNT>-4731</AMOUNT>
							</ALLLEDGERENTRIES.LIST><ALLLEDGERENTRIES.LIST>
							<LEDGERNAME>OPD CONSULTANCY FEES(DR- RASHMI)</LEDGERNAME>
							<REMOVEZEROENTRIES>
								NO
							</REMOVEZEROENTRIES>
							<LEDGERFROMITEM>
								NO
							</LEDGERFROMITEM>
							<ISDEEMEDPOSITIVE>NO</ISDEEMEDPOSITIVE>
							<AMOUNT>500</AMOUNT>
							</ALLLEDGERENTRIES.LIST><ALLLEDGERENTRIES.LIST>
							<LEDGERNAME>USG CHARGES (DR- RASHMI)</LEDGERNAME>
							<REMOVEZEROENTRIES>
								NO
							</REMOVEZEROENTRIES>
							<LEDGERFROMITEM>
								NO
							</LEDGERFROMITEM>
							<ISDEEMEDPOSITIVE>YES</ISDEEMEDPOSITIVE>
							<AMOUNT>0</AMOUNT>
							</ALLLEDGERENTRIES.LIST><ALLLEDGERENTRIES.LIST>
							<LEDGERNAME>LAB CHARGES(REF- BY DR- RASHMI)</LEDGERNAME>
							<REMOVEZEROENTRIES>
								NO
							</REMOVEZEROENTRIES>
							<LEDGERFROMITEM>
								NO
							</LEDGERFROMITEM>
							<ISDEEMEDPOSITIVE>YES</ISDEEMEDPOSITIVE>
							<AMOUNT>0</AMOUNT>
							</ALLLEDGERENTRIES.LIST><ALLLEDGERENTRIES.LIST>
							<LEDGERNAME>PRO CHARGES (REF- BY DR- RASHMI)</LEDGERNAME>
							<REMOVEZEROENTRIES>
								NO
							</REMOVEZEROENTRIES>
							<LEDGERFROMITEM>
								NO
							</LEDGERFROMITEM>
							<ISDEEMEDPOSITIVE>YES</ISDEEMEDPOSITIVE>
							<AMOUNT>0</AMOUNT>
							</ALLLEDGERENTRIES.LIST><ALLLEDGERENTRIES.LIST>
							<LEDGERNAME>Clinic Pharmacy Sale (REF- BY DR- RASHMI)</LEDGERNAME>
							<REMOVEZEROENTRIES>
								NO
							</REMOVEZEROENTRIES>
							<LEDGERFROMITEM>
								NO
							</LEDGERFROMITEM>
							<ISDEEMEDPOSITIVE>NO</ISDEEMEDPOSITIVE>
							<AMOUNT>4231</AMOUNT>
							</ALLLEDGERENTRIES.LIST></VOUCHER>
				</TALLYMESSAGE>
			</REQUESTDATA><REQUESTDATA>
				<TALLYMESSAGE>
					<VOUCHER ACTION="Create" VCHTYPE="Journal">
						<VOUCHERTYPENAME>Journal</VOUCHERTYPENAME>
						<DATE>20240308</DATE>
						<VOUCHERNUMBER>Clinic-A MAR'24-21</VOUCHERNUMBER>
						<PARTYLEDGERNAME>
							Cash2
						</PARTYLEDGERNAME>
						<NARRATION>PRN NO- JHSCR0101 | Name: MRS SUMAN BHARTI  | 30/F | Address: RANCHI | Contact: 8340505205</NARRATION>
						<EFFECTIVEDATE>20240308</EFFECTIVEDATE>
					<ALLLEDGERENTRIES.LIST>
							<LEDGERNAME>Clinic Patient Dr- Rashmi</LEDGERNAME>
							<REMOVEZEROENTRIES>
								NO
							</REMOVEZEROENTRIES>
							<LEDGERFROMITEM>
								NO
							</LEDGERFROMITEM>
							<ISDEEMEDPOSITIVE>YES</ISDEEMEDPOSITIVE>
							<AMOUNT>-500</AMOUNT>
							</ALLLEDGERENTRIES.LIST><ALLLEDGERENTRIES.LIST>
							<LEDGERNAME>OPD CONSULTANCY FEES(DR- RASHMI)</LEDGERNAME>
							<REMOVEZEROENTRIES>
								NO
							</REMOVEZEROENTRIES>
							<LEDGERFROMITEM>
								NO
							</LEDGERFROMITEM>
							<ISDEEMEDPOSITIVE>NO</ISDEEMEDPOSITIVE>
							<AMOUNT>500</AMOUNT>
							</ALLLEDGERENTRIES.LIST><ALLLEDGERENTRIES.LIST>
							<LEDGERNAME>USG CHARGES (DR- RASHMI)</LEDGERNAME>
							<REMOVEZEROENTRIES>
								NO
							</REMOVEZEROENTRIES>
							<LEDGERFROMITEM>
								NO
							</LEDGERFROMITEM>
							<ISDEEMEDPOSITIVE>YES</ISDEEMEDPOSITIVE>
							<AMOUNT>0</AMOUNT>
							</ALLLEDGERENTRIES.LIST><ALLLEDGERENTRIES.LIST>
							<LEDGERNAME>LAB CHARGES(REF- BY DR- RASHMI)</LEDGERNAME>
							<REMOVEZEROENTRIES>
								NO
							</REMOVEZEROENTRIES>
							<LEDGERFROMITEM>
								NO
							</LEDGERFROMITEM>
							<ISDEEMEDPOSITIVE>YES</ISDEEMEDPOSITIVE>
							<AMOUNT>0</AMOUNT>
							</ALLLEDGERENTRIES.LIST><ALLLEDGERENTRIES.LIST>
							<LEDGERNAME>PRO CHARGES (REF- BY DR- RASHMI)</LEDGERNAME>
							<REMOVEZEROENTRIES>
								NO
							</REMOVEZEROENTRIES>
							<LEDGERFROMITEM>
								NO
							</LEDGERFROMITEM>
							<ISDEEMEDPOSITIVE>YES</ISDEEMEDPOSITIVE>
							<AMOUNT>0</AMOUNT>
							</ALLLEDGERENTRIES.LIST><ALLLEDGERENTRIES.LIST>
							<LEDGERNAME>Clinic Pharmacy Sale (REF- BY DR- RASHMI)</LEDGERNAME>
							<REMOVEZEROENTRIES>
								NO
							</REMOVEZEROENTRIES>
							<LEDGERFROMITEM>
								NO
							</LEDGERFROMITEM>
							<ISDEEMEDPOSITIVE>YES</ISDEEMEDPOSITIVE>
							<AMOUNT>0</AMOUNT>
							</ALLLEDGERENTRIES.LIST></VOUCHER>
				</TALLYMESSAGE>
			</REQUESTDATA><REQUESTDATA>
				<TALLYMESSAGE>
					<VOUCHER ACTION="Create" VCHTYPE="Journal">
						<VOUCHERTYPENAME>Journal</VOUCHERTYPENAME>
						<DATE>20240308</DATE>
						<VOUCHERNUMBER>Clinic-A MAR'24-22</VOUCHERNUMBER>
						<PARTYLEDGERNAME>
							Cash2
						</PARTYLEDGERNAME>
						<NARRATION>PRN NO- JHSCR1818 | Name: MRS UMA KUMARI  | 30/F | Address: RANCHI | Contact: 9110921709</NARRATION>
						<EFFECTIVEDATE>20240308</EFFECTIVEDATE>
					<ALLLEDGERENTRIES.LIST>
							<LEDGERNAME>Clinic Patient Dr- Rashmi</LEDGERNAME>
							<REMOVEZEROENTRIES>
								NO
							</REMOVEZEROENTRIES>
							<LEDGERFROMITEM>
								NO
							</LEDGERFROMITEM>
							<ISDEEMEDPOSITIVE>YES</ISDEEMEDPOSITIVE>
							<AMOUNT>-500</AMOUNT>
							</ALLLEDGERENTRIES.LIST><ALLLEDGERENTRIES.LIST>
							<LEDGERNAME>OPD CONSULTANCY FEES(DR- RASHMI)</LEDGERNAME>
							<REMOVEZEROENTRIES>
								NO
							</REMOVEZEROENTRIES>
							<LEDGERFROMITEM>
								NO
							</LEDGERFROMITEM>
							<ISDEEMEDPOSITIVE>NO</ISDEEMEDPOSITIVE>
							<AMOUNT>500</AMOUNT>
							</ALLLEDGERENTRIES.LIST><ALLLEDGERENTRIES.LIST>
							<LEDGERNAME>USG CHARGES (DR- RASHMI)</LEDGERNAME>
							<REMOVEZEROENTRIES>
								NO
							</REMOVEZEROENTRIES>
							<LEDGERFROMITEM>
								NO
							</LEDGERFROMITEM>
							<ISDEEMEDPOSITIVE>YES</ISDEEMEDPOSITIVE>
							<AMOUNT>0</AMOUNT>
							</ALLLEDGERENTRIES.LIST><ALLLEDGERENTRIES.LIST>
							<LEDGERNAME>LAB CHARGES(REF- BY DR- RASHMI)</LEDGERNAME>
							<REMOVEZEROENTRIES>
								NO
							</REMOVEZEROENTRIES>
							<LEDGERFROMITEM>
								NO
							</LEDGERFROMITEM>
							<ISDEEMEDPOSITIVE>YES</ISDEEMEDPOSITIVE>
							<AMOUNT>0</AMOUNT>
							</ALLLEDGERENTRIES.LIST><ALLLEDGERENTRIES.LIST>
							<LEDGERNAME>PRO CHARGES (REF- BY DR- RASHMI)</LEDGERNAME>
							<REMOVEZEROENTRIES>
								NO
							</REMOVEZEROENTRIES>
							<LEDGERFROMITEM>
								NO
							</LEDGERFROMITEM>
							<ISDEEMEDPOSITIVE>YES</ISDEEMEDPOSITIVE>
							<AMOUNT>0</AMOUNT>
							</ALLLEDGERENTRIES.LIST><ALLLEDGERENTRIES.LIST>
							<LEDGERNAME>Clinic Pharmacy Sale (REF- BY DR- RASHMI)</LEDGERNAME>
							<REMOVEZEROENTRIES>
								NO
							</REMOVEZEROENTRIES>
							<LEDGERFROMITEM>
								NO
							</LEDGERFROMITEM>
							<ISDEEMEDPOSITIVE>YES</ISDEEMEDPOSITIVE>
							<AMOUNT>0</AMOUNT>
							</ALLLEDGERENTRIES.LIST></VOUCHER>
				</TALLYMESSAGE>
			</REQUESTDATA><REQUESTDATA>
				<TALLYMESSAGE>
					<VOUCHER ACTION="Create" VCHTYPE="Journal">
						<VOUCHERTYPENAME>Journal</VOUCHERTYPENAME>
						<DATE>20240309</DATE>
						<VOUCHERNUMBER>Clinic-A MAR'24-23</VOUCHERNUMBER>
						<PARTYLEDGERNAME>
							Cash2
						</PARTYLEDGERNAME>
						<NARRATION>PRN NO- JHSCR2283 | Name: MRS KANCHAN KUMARI  | 21/f | Address: KOKAR RANCHI | Contact: 7050801974</NARRATION>
						<EFFECTIVEDATE>20240309</EFFECTIVEDATE>
					<ALLLEDGERENTRIES.LIST>
							<LEDGERNAME>Clinic Patient Dr- Rashmi</LEDGERNAME>
							<REMOVEZEROENTRIES>
								NO
							</REMOVEZEROENTRIES>
							<LEDGERFROMITEM>
								NO
							</LEDGERFROMITEM>
							<ISDEEMEDPOSITIVE>YES</ISDEEMEDPOSITIVE>
							<AMOUNT>-1765</AMOUNT>
							</ALLLEDGERENTRIES.LIST><ALLLEDGERENTRIES.LIST>
							<LEDGERNAME>OPD CONSULTANCY FEES(DR- RASHMI)</LEDGERNAME>
							<REMOVEZEROENTRIES>
								NO
							</REMOVEZEROENTRIES>
							<LEDGERFROMITEM>
								NO
							</LEDGERFROMITEM>
							<ISDEEMEDPOSITIVE>YES</ISDEEMEDPOSITIVE>
							<AMOUNT>0</AMOUNT>
							</ALLLEDGERENTRIES.LIST><ALLLEDGERENTRIES.LIST>
							<LEDGERNAME>USG CHARGES (DR- RASHMI)</LEDGERNAME>
							<REMOVEZEROENTRIES>
								NO
							</REMOVEZEROENTRIES>
							<LEDGERFROMITEM>
								NO
							</LEDGERFROMITEM>
							<ISDEEMEDPOSITIVE>NO</ISDEEMEDPOSITIVE>
							<AMOUNT>1000</AMOUNT>
							</ALLLEDGERENTRIES.LIST><ALLLEDGERENTRIES.LIST>
							<LEDGERNAME>LAB CHARGES(REF- BY DR- RASHMI)</LEDGERNAME>
							<REMOVEZEROENTRIES>
								NO
							</REMOVEZEROENTRIES>
							<LEDGERFROMITEM>
								NO
							</LEDGERFROMITEM>
							<ISDEEMEDPOSITIVE>NO</ISDEEMEDPOSITIVE>
							<AMOUNT>100</AMOUNT>
							</ALLLEDGERENTRIES.LIST><ALLLEDGERENTRIES.LIST>
							<LEDGERNAME>PRO CHARGES (REF- BY DR- RASHMI)</LEDGERNAME>
							<REMOVEZEROENTRIES>
								NO
							</REMOVEZEROENTRIES>
							<LEDGERFROMITEM>
								NO
							</LEDGERFROMITEM>
							<ISDEEMEDPOSITIVE>YES</ISDEEMEDPOSITIVE>
							<AMOUNT>0</AMOUNT>
							</ALLLEDGERENTRIES.LIST><ALLLEDGERENTRIES.LIST>
							<LEDGERNAME>Clinic Pharmacy Sale (REF- BY DR- RASHMI)</LEDGERNAME>
							<REMOVEZEROENTRIES>
								NO
							</REMOVEZEROENTRIES>
							<LEDGERFROMITEM>
								NO
							</LEDGERFROMITEM>
							<ISDEEMEDPOSITIVE>NO</ISDEEMEDPOSITIVE>
							<AMOUNT>665</AMOUNT>
							</ALLLEDGERENTRIES.LIST></VOUCHER>
				</TALLYMESSAGE>
			</REQUESTDATA><REQUESTDATA>
				<TALLYMESSAGE>
					<VOUCHER ACTION="Create" VCHTYPE="Journal">
						<VOUCHERTYPENAME>Journal</VOUCHERTYPENAME>
						<DATE>20240309</DATE>
						<VOUCHERNUMBER>Clinic-A MAR'24-24</VOUCHERNUMBER>
						<PARTYLEDGERNAME>
							Cash2
						</PARTYLEDGERNAME>
						<NARRATION>PRN NO- JHSCR0634 | Name: MRS NAYELA PERWEEN  | 25/F | Address: BARIATU RANCHI | Contact: 8700902691</NARRATION>
						<EFFECTIVEDATE>20240309</EFFECTIVEDATE>
					<ALLLEDGERENTRIES.LIST>
							<LEDGERNAME>Clinic Patient Dr- Rashmi</LEDGERNAME>
							<REMOVEZEROENTRIES>
								NO
							</REMOVEZEROENTRIES>
							<LEDGERFROMITEM>
								NO
							</LEDGERFROMITEM>
							<ISDEEMEDPOSITIVE>YES</ISDEEMEDPOSITIVE>
							<AMOUNT>-500</AMOUNT>
							</ALLLEDGERENTRIES.LIST><ALLLEDGERENTRIES.LIST>
							<LEDGERNAME>OPD CONSULTANCY FEES(DR- RASHMI)</LEDGERNAME>
							<REMOVEZEROENTRIES>
								NO
							</REMOVEZEROENTRIES>
							<LEDGERFROMITEM>
								NO
							</LEDGERFROMITEM>
							<ISDEEMEDPOSITIVE>NO</ISDEEMEDPOSITIVE>
							<AMOUNT>500</AMOUNT>
							</ALLLEDGERENTRIES.LIST><ALLLEDGERENTRIES.LIST>
							<LEDGERNAME>USG CHARGES (DR- RASHMI)</LEDGERNAME>
							<REMOVEZEROENTRIES>
								NO
							</REMOVEZEROENTRIES>
							<LEDGERFROMITEM>
								NO
							</LEDGERFROMITEM>
							<ISDEEMEDPOSITIVE>YES</ISDEEMEDPOSITIVE>
							<AMOUNT>0</AMOUNT>
							</ALLLEDGERENTRIES.LIST><ALLLEDGERENTRIES.LIST>
							<LEDGERNAME>LAB CHARGES(REF- BY DR- RASHMI)</LEDGERNAME>
							<REMOVEZEROENTRIES>
								NO
							</REMOVEZEROENTRIES>
							<LEDGERFROMITEM>
								NO
							</LEDGERFROMITEM>
							<ISDEEMEDPOSITIVE>YES</ISDEEMEDPOSITIVE>
							<AMOUNT>0</AMOUNT>
							</ALLLEDGERENTRIES.LIST><ALLLEDGERENTRIES.LIST>
							<LEDGERNAME>PRO CHARGES (REF- BY DR- RASHMI)</LEDGERNAME>
							<REMOVEZEROENTRIES>
								NO
							</REMOVEZEROENTRIES>
							<LEDGERFROMITEM>
								NO
							</LEDGERFROMITEM>
							<ISDEEMEDPOSITIVE>YES</ISDEEMEDPOSITIVE>
							<AMOUNT>0</AMOUNT>
							</ALLLEDGERENTRIES.LIST><ALLLEDGERENTRIES.LIST>
							<LEDGERNAME>Clinic Pharmacy Sale (REF- BY DR- RASHMI)</LEDGERNAME>
							<REMOVEZEROENTRIES>
								NO
							</REMOVEZEROENTRIES>
							<LEDGERFROMITEM>
								NO
							</LEDGERFROMITEM>
							<ISDEEMEDPOSITIVE>YES</ISDEEMEDPOSITIVE>
							<AMOUNT>0</AMOUNT>
							</ALLLEDGERENTRIES.LIST></VOUCHER>
				</TALLYMESSAGE>
			</REQUESTDATA><REQUESTDATA>
				<TALLYMESSAGE>
					<VOUCHER ACTION="Create" VCHTYPE="Journal">
						<VOUCHERTYPENAME>Journal</VOUCHERTYPENAME>
						<DATE>20240312</DATE>
						<VOUCHERNUMBER>Clinic-A MAR'24-25</VOUCHERNUMBER>
						<PARTYLEDGERNAME>
							Cash2
						</PARTYLEDGERNAME>
						<NARRATION>PRN NO- JHSCR1947 | Name: MRS KAJAL SARVADE  | 25/F | Address: DIPATOLI | Contact: 9403773266</NARRATION>
						<EFFECTIVEDATE>20240312</EFFECTIVEDATE>
					<ALLLEDGERENTRIES.LIST>
							<LEDGERNAME>Clinic Patient Dr- Rashmi</LEDGERNAME>
							<REMOVEZEROENTRIES>
								NO
							</REMOVEZEROENTRIES>
							<LEDGERFROMITEM>
								NO
							</LEDGERFROMITEM>
							<ISDEEMEDPOSITIVE>YES</ISDEEMEDPOSITIVE>
							<AMOUNT>-1782</AMOUNT>
							</ALLLEDGERENTRIES.LIST><ALLLEDGERENTRIES.LIST>
							<LEDGERNAME>OPD CONSULTANCY FEES(DR- RASHMI)</LEDGERNAME>
							<REMOVEZEROENTRIES>
								NO
							</REMOVEZEROENTRIES>
							<LEDGERFROMITEM>
								NO
							</LEDGERFROMITEM>
							<ISDEEMEDPOSITIVE>NO</ISDEEMEDPOSITIVE>
							<AMOUNT>500</AMOUNT>
							</ALLLEDGERENTRIES.LIST><ALLLEDGERENTRIES.LIST>
							<LEDGERNAME>USG CHARGES (DR- RASHMI)</LEDGERNAME>
							<REMOVEZEROENTRIES>
								NO
							</REMOVEZEROENTRIES>
							<LEDGERFROMITEM>
								NO
							</LEDGERFROMITEM>
							<ISDEEMEDPOSITIVE>YES</ISDEEMEDPOSITIVE>
							<AMOUNT>0</AMOUNT>
							</ALLLEDGERENTRIES.LIST><ALLLEDGERENTRIES.LIST>
							<LEDGERNAME>LAB CHARGES(REF- BY DR- RASHMI)</LEDGERNAME>
							<REMOVEZEROENTRIES>
								NO
							</REMOVEZEROENTRIES>
							<LEDGERFROMITEM>
								NO
							</LEDGERFROMITEM>
							<ISDEEMEDPOSITIVE>YES</ISDEEMEDPOSITIVE>
							<AMOUNT>0</AMOUNT>
							</ALLLEDGERENTRIES.LIST><ALLLEDGERENTRIES.LIST>
							<LEDGERNAME>PRO CHARGES (REF- BY DR- RASHMI)</LEDGERNAME>
							<REMOVEZEROENTRIES>
								NO
							</REMOVEZEROENTRIES>
							<LEDGERFROMITEM>
								NO
							</LEDGERFROMITEM>
							<ISDEEMEDPOSITIVE>NO</ISDEEMEDPOSITIVE>
							<AMOUNT>70</AMOUNT>
							</ALLLEDGERENTRIES.LIST><ALLLEDGERENTRIES.LIST>
							<LEDGERNAME>Clinic Pharmacy Sale (REF- BY DR- RASHMI)</LEDGERNAME>
							<REMOVEZEROENTRIES>
								NO
							</REMOVEZEROENTRIES>
							<LEDGERFROMITEM>
								NO
							</LEDGERFROMITEM>
							<ISDEEMEDPOSITIVE>NO</ISDEEMEDPOSITIVE>
							<AMOUNT>1212</AMOUNT>
							</ALLLEDGERENTRIES.LIST></VOUCHER>
				</TALLYMESSAGE>
			</REQUESTDATA><REQUESTDATA>
				<TALLYMESSAGE>
					<VOUCHER ACTION="Create" VCHTYPE="Journal">
						<VOUCHERTYPENAME>Journal</VOUCHERTYPENAME>
						<DATE>20240312</DATE>
						<VOUCHERNUMBER>Clinic-A MAR'24-26</VOUCHERNUMBER>
						<PARTYLEDGERNAME>
							Cash2
						</PARTYLEDGERNAME>
						<NARRATION>PRN NO- JHSCR2137 | Name: MRS BINDU DEVI  | 40/F | Address: GARIGAON | Contact: 9304703133</NARRATION>
						<EFFECTIVEDATE>20240312</EFFECTIVEDATE>
					<ALLLEDGERENTRIES.LIST>
							<LEDGERNAME>Clinic Patient Dr- Rashmi</LEDGERNAME>
							<REMOVEZEROENTRIES>
								NO
							</REMOVEZEROENTRIES>
							<LEDGERFROMITEM>
								NO
							</LEDGERFROMITEM>
							<ISDEEMEDPOSITIVE>YES</ISDEEMEDPOSITIVE>
							<AMOUNT>-920</AMOUNT>
							</ALLLEDGERENTRIES.LIST><ALLLEDGERENTRIES.LIST>
							<LEDGERNAME>OPD CONSULTANCY FEES(DR- RASHMI)</LEDGERNAME>
							<REMOVEZEROENTRIES>
								NO
							</REMOVEZEROENTRIES>
							<LEDGERFROMITEM>
								NO
							</LEDGERFROMITEM>
							<ISDEEMEDPOSITIVE>NO</ISDEEMEDPOSITIVE>
							<AMOUNT>500</AMOUNT>
							</ALLLEDGERENTRIES.LIST><ALLLEDGERENTRIES.LIST>
							<LEDGERNAME>USG CHARGES (DR- RASHMI)</LEDGERNAME>
							<REMOVEZEROENTRIES>
								NO
							</REMOVEZEROENTRIES>
							<LEDGERFROMITEM>
								NO
							</LEDGERFROMITEM>
							<ISDEEMEDPOSITIVE>YES</ISDEEMEDPOSITIVE>
							<AMOUNT>0</AMOUNT>
							</ALLLEDGERENTRIES.LIST><ALLLEDGERENTRIES.LIST>
							<LEDGERNAME>LAB CHARGES(REF- BY DR- RASHMI)</LEDGERNAME>
							<REMOVEZEROENTRIES>
								NO
							</REMOVEZEROENTRIES>
							<LEDGERFROMITEM>
								NO
							</LEDGERFROMITEM>
							<ISDEEMEDPOSITIVE>YES</ISDEEMEDPOSITIVE>
							<AMOUNT>0</AMOUNT>
							</ALLLEDGERENTRIES.LIST><ALLLEDGERENTRIES.LIST>
							<LEDGERNAME>PRO CHARGES (REF- BY DR- RASHMI)</LEDGERNAME>
							<REMOVEZEROENTRIES>
								NO
							</REMOVEZEROENTRIES>
							<LEDGERFROMITEM>
								NO
							</LEDGERFROMITEM>
							<ISDEEMEDPOSITIVE>YES</ISDEEMEDPOSITIVE>
							<AMOUNT>0</AMOUNT>
							</ALLLEDGERENTRIES.LIST><ALLLEDGERENTRIES.LIST>
							<LEDGERNAME>Clinic Pharmacy Sale (REF- BY DR- RASHMI)</LEDGERNAME>
							<REMOVEZEROENTRIES>
								NO
							</REMOVEZEROENTRIES>
							<LEDGERFROMITEM>
								NO
							</LEDGERFROMITEM>
							<ISDEEMEDPOSITIVE>NO</ISDEEMEDPOSITIVE>
							<AMOUNT>420</AMOUNT>
							</ALLLEDGERENTRIES.LIST></VOUCHER>
				</TALLYMESSAGE>
			</REQUESTDATA><REQUESTDATA>
				<TALLYMESSAGE>
					<VOUCHER ACTION="Create" VCHTYPE="Journal">
						<VOUCHERTYPENAME>Journal</VOUCHERTYPENAME>
						<DATE>20240312</DATE>
						<VOUCHERNUMBER>Clinic-A MAR'24-27</VOUCHERNUMBER>
						<PARTYLEDGERNAME>
							Cash2
						</PARTYLEDGERNAME>
						<NARRATION>PRN NO- JHSCR2306 | Name: MRS KIRAN MINZ  | 29/F | Address: KOKAR KHORHA TOLI | Contact: 9113196440</NARRATION>
						<EFFECTIVEDATE>20240312</EFFECTIVEDATE>
					<ALLLEDGERENTRIES.LIST>
							<LEDGERNAME>Clinic Patient Dr- Rashmi</LEDGERNAME>
							<REMOVEZEROENTRIES>
								NO
							</REMOVEZEROENTRIES>
							<LEDGERFROMITEM>
								NO
							</LEDGERFROMITEM>
							<ISDEEMEDPOSITIVE>YES</ISDEEMEDPOSITIVE>
							<AMOUNT>-1065</AMOUNT>
							</ALLLEDGERENTRIES.LIST><ALLLEDGERENTRIES.LIST>
							<LEDGERNAME>OPD CONSULTANCY FEES(DR- RASHMI)</LEDGERNAME>
							<REMOVEZEROENTRIES>
								NO
							</REMOVEZEROENTRIES>
							<LEDGERFROMITEM>
								NO
							</LEDGERFROMITEM>
							<ISDEEMEDPOSITIVE>NO</ISDEEMEDPOSITIVE>
							<AMOUNT>500</AMOUNT>
							</ALLLEDGERENTRIES.LIST><ALLLEDGERENTRIES.LIST>
							<LEDGERNAME>USG CHARGES (DR- RASHMI)</LEDGERNAME>
							<REMOVEZEROENTRIES>
								NO
							</REMOVEZEROENTRIES>
							<LEDGERFROMITEM>
								NO
							</LEDGERFROMITEM>
							<ISDEEMEDPOSITIVE>YES</ISDEEMEDPOSITIVE>
							<AMOUNT>0</AMOUNT>
							</ALLLEDGERENTRIES.LIST><ALLLEDGERENTRIES.LIST>
							<LEDGERNAME>LAB CHARGES(REF- BY DR- RASHMI)</LEDGERNAME>
							<REMOVEZEROENTRIES>
								NO
							</REMOVEZEROENTRIES>
							<LEDGERFROMITEM>
								NO
							</LEDGERFROMITEM>
							<ISDEEMEDPOSITIVE>YES</ISDEEMEDPOSITIVE>
							<AMOUNT>0</AMOUNT>
							</ALLLEDGERENTRIES.LIST><ALLLEDGERENTRIES.LIST>
							<LEDGERNAME>PRO CHARGES (REF- BY DR- RASHMI)</LEDGERNAME>
							<REMOVEZEROENTRIES>
								NO
							</REMOVEZEROENTRIES>
							<LEDGERFROMITEM>
								NO
							</LEDGERFROMITEM>
							<ISDEEMEDPOSITIVE>YES</ISDEEMEDPOSITIVE>
							<AMOUNT>0</AMOUNT>
							</ALLLEDGERENTRIES.LIST><ALLLEDGERENTRIES.LIST>
							<LEDGERNAME>Clinic Pharmacy Sale (REF- BY DR- RASHMI)</LEDGERNAME>
							<REMOVEZEROENTRIES>
								NO
							</REMOVEZEROENTRIES>
							<LEDGERFROMITEM>
								NO
							</LEDGERFROMITEM>
							<ISDEEMEDPOSITIVE>NO</ISDEEMEDPOSITIVE>
							<AMOUNT>565</AMOUNT>
							</ALLLEDGERENTRIES.LIST></VOUCHER>
				</TALLYMESSAGE>
			</REQUESTDATA><REQUESTDATA>
				<TALLYMESSAGE>
					<VOUCHER ACTION="Create" VCHTYPE="Journal">
						<VOUCHERTYPENAME>Journal</VOUCHERTYPENAME>
						<DATE>20240312</DATE>
						<VOUCHERNUMBER>Clinic-A MAR'24-28</VOUCHERNUMBER>
						<PARTYLEDGERNAME>
							Cash2
						</PARTYLEDGERNAME>
						<NARRATION>PRN NO- JHSCR2307 | Name: MRS LALITA DEVI  | 34/F | Address: KOKAR | Contact: 7367829065</NARRATION>
						<EFFECTIVEDATE>20240312</EFFECTIVEDATE>
					<ALLLEDGERENTRIES.LIST>
							<LEDGERNAME>Clinic Patient Dr- Rashmi</LEDGERNAME>
							<REMOVEZEROENTRIES>
								NO
							</REMOVEZEROENTRIES>
							<LEDGERFROMITEM>
								NO
							</LEDGERFROMITEM>
							<ISDEEMEDPOSITIVE>YES</ISDEEMEDPOSITIVE>
							<AMOUNT>-500</AMOUNT>
							</ALLLEDGERENTRIES.LIST><ALLLEDGERENTRIES.LIST>
							<LEDGERNAME>OPD CONSULTANCY FEES(DR- RASHMI)</LEDGERNAME>
							<REMOVEZEROENTRIES>
								NO
							</REMOVEZEROENTRIES>
							<LEDGERFROMITEM>
								NO
							</LEDGERFROMITEM>
							<ISDEEMEDPOSITIVE>NO</ISDEEMEDPOSITIVE>
							<AMOUNT>500</AMOUNT>
							</ALLLEDGERENTRIES.LIST><ALLLEDGERENTRIES.LIST>
							<LEDGERNAME>USG CHARGES (DR- RASHMI)</LEDGERNAME>
							<REMOVEZEROENTRIES>
								NO
							</REMOVEZEROENTRIES>
							<LEDGERFROMITEM>
								NO
							</LEDGERFROMITEM>
							<ISDEEMEDPOSITIVE>YES</ISDEEMEDPOSITIVE>
							<AMOUNT>0</AMOUNT>
							</ALLLEDGERENTRIES.LIST><ALLLEDGERENTRIES.LIST>
							<LEDGERNAME>LAB CHARGES(REF- BY DR- RASHMI)</LEDGERNAME>
							<REMOVEZEROENTRIES>
								NO
							</REMOVEZEROENTRIES>
							<LEDGERFROMITEM>
								NO
							</LEDGERFROMITEM>
							<ISDEEMEDPOSITIVE>YES</ISDEEMEDPOSITIVE>
							<AMOUNT>0</AMOUNT>
							</ALLLEDGERENTRIES.LIST><ALLLEDGERENTRIES.LIST>
							<LEDGERNAME>PRO CHARGES (REF- BY DR- RASHMI)</LEDGERNAME>
							<REMOVEZEROENTRIES>
								NO
							</REMOVEZEROENTRIES>
							<LEDGERFROMITEM>
								NO
							</LEDGERFROMITEM>
							<ISDEEMEDPOSITIVE>YES</ISDEEMEDPOSITIVE>
							<AMOUNT>0</AMOUNT>
							</ALLLEDGERENTRIES.LIST><ALLLEDGERENTRIES.LIST>
							<LEDGERNAME>Clinic Pharmacy Sale (REF- BY DR- RASHMI)</LEDGERNAME>
							<REMOVEZEROENTRIES>
								NO
							</REMOVEZEROENTRIES>
							<LEDGERFROMITEM>
								NO
							</LEDGERFROMITEM>
							<ISDEEMEDPOSITIVE>YES</ISDEEMEDPOSITIVE>
							<AMOUNT>0</AMOUNT>
							</ALLLEDGERENTRIES.LIST></VOUCHER>
				</TALLYMESSAGE>
			</REQUESTDATA><REQUESTDATA>
				<TALLYMESSAGE>
					<VOUCHER ACTION="Create" VCHTYPE="Journal">
						<VOUCHERTYPENAME>Journal</VOUCHERTYPENAME>
						<DATE>20240312</DATE>
						<VOUCHERNUMBER>Clinic-A MAR'24-29</VOUCHERNUMBER>
						<PARTYLEDGERNAME>
							Cash2
						</PARTYLEDGERNAME>
						<NARRATION>PRN NO- JHSCR1818 | Name: MRS UMA KUMARI  | 30/F | Address: RANCHI | Contact: 9110921709</NARRATION>
						<EFFECTIVEDATE>20240312</EFFECTIVEDATE>
					<ALLLEDGERENTRIES.LIST>
							<LEDGERNAME>Clinic Patient Dr- Rashmi</LEDGERNAME>
							<REMOVEZEROENTRIES>
								NO
							</REMOVEZEROENTRIES>
							<LEDGERFROMITEM>
								NO
							</LEDGERFROMITEM>
							<ISDEEMEDPOSITIVE>YES</ISDEEMEDPOSITIVE>
							<AMOUNT>-99</AMOUNT>
							</ALLLEDGERENTRIES.LIST><ALLLEDGERENTRIES.LIST>
							<LEDGERNAME>OPD CONSULTANCY FEES(DR- RASHMI)</LEDGERNAME>
							<REMOVEZEROENTRIES>
								NO
							</REMOVEZEROENTRIES>
							<LEDGERFROMITEM>
								NO
							</LEDGERFROMITEM>
							<ISDEEMEDPOSITIVE>YES</ISDEEMEDPOSITIVE>
							<AMOUNT>0</AMOUNT>
							</ALLLEDGERENTRIES.LIST><ALLLEDGERENTRIES.LIST>
							<LEDGERNAME>USG CHARGES (DR- RASHMI)</LEDGERNAME>
							<REMOVEZEROENTRIES>
								NO
							</REMOVEZEROENTRIES>
							<LEDGERFROMITEM>
								NO
							</LEDGERFROMITEM>
							<ISDEEMEDPOSITIVE>YES</ISDEEMEDPOSITIVE>
							<AMOUNT>0</AMOUNT>
							</ALLLEDGERENTRIES.LIST><ALLLEDGERENTRIES.LIST>
							<LEDGERNAME>LAB CHARGES(REF- BY DR- RASHMI)</LEDGERNAME>
							<REMOVEZEROENTRIES>
								NO
							</REMOVEZEROENTRIES>
							<LEDGERFROMITEM>
								NO
							</LEDGERFROMITEM>
							<ISDEEMEDPOSITIVE>YES</ISDEEMEDPOSITIVE>
							<AMOUNT>0</AMOUNT>
							</ALLLEDGERENTRIES.LIST><ALLLEDGERENTRIES.LIST>
							<LEDGERNAME>PRO CHARGES (REF- BY DR- RASHMI)</LEDGERNAME>
							<REMOVEZEROENTRIES>
								NO
							</REMOVEZEROENTRIES>
							<LEDGERFROMITEM>
								NO
							</LEDGERFROMITEM>
							<ISDEEMEDPOSITIVE>YES</ISDEEMEDPOSITIVE>
							<AMOUNT>0</AMOUNT>
							</ALLLEDGERENTRIES.LIST><ALLLEDGERENTRIES.LIST>
							<LEDGERNAME>Clinic Pharmacy Sale (REF- BY DR- RASHMI)</LEDGERNAME>
							<REMOVEZEROENTRIES>
								NO
							</REMOVEZEROENTRIES>
							<LEDGERFROMITEM>
								NO
							</LEDGERFROMITEM>
							<ISDEEMEDPOSITIVE>NO</ISDEEMEDPOSITIVE>
							<AMOUNT>99</AMOUNT>
							</ALLLEDGERENTRIES.LIST></VOUCHER>
				</TALLYMESSAGE>
			</REQUESTDATA><REQUESTDATA>
				<TALLYMESSAGE>
					<VOUCHER ACTION="Create" VCHTYPE="Journal">
						<VOUCHERTYPENAME>Journal</VOUCHERTYPENAME>
						<DATE>20240313</DATE>
						<VOUCHERNUMBER>Clinic-A MAR'24-30</VOUCHERNUMBER>
						<PARTYLEDGERNAME>
							Cash2
						</PARTYLEDGERNAME>
						<NARRATION>PRN NO- JHSCR2309 | Name: MRS KRISHNA MURARKA  | 45/F | Address: UPPER BAZAR MAHAVIR CHOWK | Contact: 9835173577</NARRATION>
						<EFFECTIVEDATE>20240313</EFFECTIVEDATE>
					<ALLLEDGERENTRIES.LIST>
							<LEDGERNAME>Clinic Patient Dr- Rashmi</LEDGERNAME>
							<REMOVEZEROENTRIES>
								NO
							</REMOVEZEROENTRIES>
							<LEDGERFROMITEM>
								NO
							</LEDGERFROMITEM>
							<ISDEEMEDPOSITIVE>YES</ISDEEMEDPOSITIVE>
							<AMOUNT>-1300</AMOUNT>
							</ALLLEDGERENTRIES.LIST><ALLLEDGERENTRIES.LIST>
							<LEDGERNAME>OPD CONSULTANCY FEES(DR- RASHMI)</LEDGERNAME>
							<REMOVEZEROENTRIES>
								NO
							</REMOVEZEROENTRIES>
							<LEDGERFROMITEM>
								NO
							</LEDGERFROMITEM>
							<ISDEEMEDPOSITIVE>YES</ISDEEMEDPOSITIVE>
							<AMOUNT>0</AMOUNT>
							</ALLLEDGERENTRIES.LIST><ALLLEDGERENTRIES.LIST>
							<LEDGERNAME>USG CHARGES (DR- RASHMI)</LEDGERNAME>
							<REMOVEZEROENTRIES>
								NO
							</REMOVEZEROENTRIES>
							<LEDGERFROMITEM>
								NO
							</LEDGERFROMITEM>
							<ISDEEMEDPOSITIVE>YES</ISDEEMEDPOSITIVE>
							<AMOUNT>0</AMOUNT>
							</ALLLEDGERENTRIES.LIST><ALLLEDGERENTRIES.LIST>
							<LEDGERNAME>LAB CHARGES(REF- BY DR- RASHMI)</LEDGERNAME>
							<REMOVEZEROENTRIES>
								NO
							</REMOVEZEROENTRIES>
							<LEDGERFROMITEM>
								NO
							</LEDGERFROMITEM>
							<ISDEEMEDPOSITIVE>NO</ISDEEMEDPOSITIVE>
							<AMOUNT>1300</AMOUNT>
							</ALLLEDGERENTRIES.LIST><ALLLEDGERENTRIES.LIST>
							<LEDGERNAME>PRO CHARGES (REF- BY DR- RASHMI)</LEDGERNAME>
							<REMOVEZEROENTRIES>
								NO
							</REMOVEZEROENTRIES>
							<LEDGERFROMITEM>
								NO
							</LEDGERFROMITEM>
							<ISDEEMEDPOSITIVE>YES</ISDEEMEDPOSITIVE>
							<AMOUNT>0</AMOUNT>
							</ALLLEDGERENTRIES.LIST><ALLLEDGERENTRIES.LIST>
							<LEDGERNAME>Clinic Pharmacy Sale (REF- BY DR- RASHMI)</LEDGERNAME>
							<REMOVEZEROENTRIES>
								NO
							</REMOVEZEROENTRIES>
							<LEDGERFROMITEM>
								NO
							</LEDGERFROMITEM>
							<ISDEEMEDPOSITIVE>YES</ISDEEMEDPOSITIVE>
							<AMOUNT>0</AMOUNT>
							</ALLLEDGERENTRIES.LIST></VOUCHER>
				</TALLYMESSAGE>
			</REQUESTDATA><REQUESTDATA>
				<TALLYMESSAGE>
					<VOUCHER ACTION="Create" VCHTYPE="Journal">
						<VOUCHERTYPENAME>Journal</VOUCHERTYPENAME>
						<DATE>20240313</DATE>
						<VOUCHERNUMBER>Clinic-A MAR'24-31</VOUCHERNUMBER>
						<PARTYLEDGERNAME>
							Cash2
						</PARTYLEDGERNAME>
						<NARRATION>PRN NO- JHSCR1723 | Name: MRS ANKITA KUMARI  | 28/F | Address: DIPATOLI | Contact: 9267937623</NARRATION>
						<EFFECTIVEDATE>20240313</EFFECTIVEDATE>
					<ALLLEDGERENTRIES.LIST>
							<LEDGERNAME>Clinic Patient Dr- Rashmi</LEDGERNAME>
							<REMOVEZEROENTRIES>
								NO
							</REMOVEZEROENTRIES>
							<LEDGERFROMITEM>
								NO
							</LEDGERFROMITEM>
							<ISDEEMEDPOSITIVE>YES</ISDEEMEDPOSITIVE>
							<AMOUNT>-500</AMOUNT>
							</ALLLEDGERENTRIES.LIST><ALLLEDGERENTRIES.LIST>
							<LEDGERNAME>OPD CONSULTANCY FEES(DR- RASHMI)</LEDGERNAME>
							<REMOVEZEROENTRIES>
								NO
							</REMOVEZEROENTRIES>
							<LEDGERFROMITEM>
								NO
							</LEDGERFROMITEM>
							<ISDEEMEDPOSITIVE>NO</ISDEEMEDPOSITIVE>
							<AMOUNT>500</AMOUNT>
							</ALLLEDGERENTRIES.LIST><ALLLEDGERENTRIES.LIST>
							<LEDGERNAME>USG CHARGES (DR- RASHMI)</LEDGERNAME>
							<REMOVEZEROENTRIES>
								NO
							</REMOVEZEROENTRIES>
							<LEDGERFROMITEM>
								NO
							</LEDGERFROMITEM>
							<ISDEEMEDPOSITIVE>YES</ISDEEMEDPOSITIVE>
							<AMOUNT>0</AMOUNT>
							</ALLLEDGERENTRIES.LIST><ALLLEDGERENTRIES.LIST>
							<LEDGERNAME>LAB CHARGES(REF- BY DR- RASHMI)</LEDGERNAME>
							<REMOVEZEROENTRIES>
								NO
							</REMOVEZEROENTRIES>
							<LEDGERFROMITEM>
								NO
							</LEDGERFROMITEM>
							<ISDEEMEDPOSITIVE>YES</ISDEEMEDPOSITIVE>
							<AMOUNT>0</AMOUNT>
							</ALLLEDGERENTRIES.LIST><ALLLEDGERENTRIES.LIST>
							<LEDGERNAME>PRO CHARGES (REF- BY DR- RASHMI)</LEDGERNAME>
							<REMOVEZEROENTRIES>
								NO
							</REMOVEZEROENTRIES>
							<LEDGERFROMITEM>
								NO
							</LEDGERFROMITEM>
							<ISDEEMEDPOSITIVE>YES</ISDEEMEDPOSITIVE>
							<AMOUNT>0</AMOUNT>
							</ALLLEDGERENTRIES.LIST><ALLLEDGERENTRIES.LIST>
							<LEDGERNAME>Clinic Pharmacy Sale (REF- BY DR- RASHMI)</LEDGERNAME>
							<REMOVEZEROENTRIES>
								NO
							</REMOVEZEROENTRIES>
							<LEDGERFROMITEM>
								NO
							</LEDGERFROMITEM>
							<ISDEEMEDPOSITIVE>YES</ISDEEMEDPOSITIVE>
							<AMOUNT>0</AMOUNT>
							</ALLLEDGERENTRIES.LIST></VOUCHER>
				</TALLYMESSAGE>
			</REQUESTDATA><REQUESTDATA>
				<TALLYMESSAGE>
					<VOUCHER ACTION="Create" VCHTYPE="Journal">
						<VOUCHERTYPENAME>Journal</VOUCHERTYPENAME>
						<DATE>20240313</DATE>
						<VOUCHERNUMBER>Clinic-A MAR'24-32</VOUCHERNUMBER>
						<PARTYLEDGERNAME>
							Cash2
						</PARTYLEDGERNAME>
						<NARRATION>PRN NO- JHSCR2156 | Name: MRS PINKI GUPTA  | 36/F | Address: NEORI | Contact: 6200799772</NARRATION>
						<EFFECTIVEDATE>20240313</EFFECTIVEDATE>
					<ALLLEDGERENTRIES.LIST>
							<LEDGERNAME>Clinic Patient Dr- Rashmi</LEDGERNAME>
							<REMOVEZEROENTRIES>
								NO
							</REMOVEZEROENTRIES>
							<LEDGERFROMITEM>
								NO
							</LEDGERFROMITEM>
							<ISDEEMEDPOSITIVE>YES</ISDEEMEDPOSITIVE>
							<AMOUNT>-202</AMOUNT>
							</ALLLEDGERENTRIES.LIST><ALLLEDGERENTRIES.LIST>
							<LEDGERNAME>OPD CONSULTANCY FEES(DR- RASHMI)</LEDGERNAME>
							<REMOVEZEROENTRIES>
								NO
							</REMOVEZEROENTRIES>
							<LEDGERFROMITEM>
								NO
							</LEDGERFROMITEM>
							<ISDEEMEDPOSITIVE>YES</ISDEEMEDPOSITIVE>
							<AMOUNT>0</AMOUNT>
							</ALLLEDGERENTRIES.LIST><ALLLEDGERENTRIES.LIST>
							<LEDGERNAME>USG CHARGES (DR- RASHMI)</LEDGERNAME>
							<REMOVEZEROENTRIES>
								NO
							</REMOVEZEROENTRIES>
							<LEDGERFROMITEM>
								NO
							</LEDGERFROMITEM>
							<ISDEEMEDPOSITIVE>YES</ISDEEMEDPOSITIVE>
							<AMOUNT>0</AMOUNT>
							</ALLLEDGERENTRIES.LIST><ALLLEDGERENTRIES.LIST>
							<LEDGERNAME>LAB CHARGES(REF- BY DR- RASHMI)</LEDGERNAME>
							<REMOVEZEROENTRIES>
								NO
							</REMOVEZEROENTRIES>
							<LEDGERFROMITEM>
								NO
							</LEDGERFROMITEM>
							<ISDEEMEDPOSITIVE>YES</ISDEEMEDPOSITIVE>
							<AMOUNT>0</AMOUNT>
							</ALLLEDGERENTRIES.LIST><ALLLEDGERENTRIES.LIST>
							<LEDGERNAME>PRO CHARGES (REF- BY DR- RASHMI)</LEDGERNAME>
							<REMOVEZEROENTRIES>
								NO
							</REMOVEZEROENTRIES>
							<LEDGERFROMITEM>
								NO
							</LEDGERFROMITEM>
							<ISDEEMEDPOSITIVE>YES</ISDEEMEDPOSITIVE>
							<AMOUNT>0</AMOUNT>
							</ALLLEDGERENTRIES.LIST><ALLLEDGERENTRIES.LIST>
							<LEDGERNAME>Clinic Pharmacy Sale (REF- BY DR- RASHMI)</LEDGERNAME>
							<REMOVEZEROENTRIES>
								NO
							</REMOVEZEROENTRIES>
							<LEDGERFROMITEM>
								NO
							</LEDGERFROMITEM>
							<ISDEEMEDPOSITIVE>NO</ISDEEMEDPOSITIVE>
							<AMOUNT>202</AMOUNT>
							</ALLLEDGERENTRIES.LIST></VOUCHER>
				</TALLYMESSAGE>
			</REQUESTDATA><REQUESTDATA>
				<TALLYMESSAGE>
					<VOUCHER ACTION="Create" VCHTYPE="Journal">
						<VOUCHERTYPENAME>Journal</VOUCHERTYPENAME>
						<DATE>20240314</DATE>
						<VOUCHERNUMBER>Clinic-A MAR'24-33</VOUCHERNUMBER>
						<PARTYLEDGERNAME>
							Cash2
						</PARTYLEDGERNAME>
						<NARRATION>PRN NO- JHSCR2016 | Name: MRS KHUSHBOO KUMARI  | 26/F | Address: NBARIATU RANCHI | Contact: 8271438526</NARRATION>
						<EFFECTIVEDATE>20240314</EFFECTIVEDATE>
					<ALLLEDGERENTRIES.LIST>
							<LEDGERNAME>Clinic Patient Dr- Rashmi</LEDGERNAME>
							<REMOVEZEROENTRIES>
								NO
							</REMOVEZEROENTRIES>
							<LEDGERFROMITEM>
								NO
							</LEDGERFROMITEM>
							<ISDEEMEDPOSITIVE>YES</ISDEEMEDPOSITIVE>
							<AMOUNT>-650</AMOUNT>
							</ALLLEDGERENTRIES.LIST><ALLLEDGERENTRIES.LIST>
							<LEDGERNAME>OPD CONSULTANCY FEES(DR- RASHMI)</LEDGERNAME>
							<REMOVEZEROENTRIES>
								NO
							</REMOVEZEROENTRIES>
							<LEDGERFROMITEM>
								NO
							</LEDGERFROMITEM>
							<ISDEEMEDPOSITIVE>NO</ISDEEMEDPOSITIVE>
							<AMOUNT>500</AMOUNT>
							</ALLLEDGERENTRIES.LIST><ALLLEDGERENTRIES.LIST>
							<LEDGERNAME>USG CHARGES (DR- RASHMI)</LEDGERNAME>
							<REMOVEZEROENTRIES>
								NO
							</REMOVEZEROENTRIES>
							<LEDGERFROMITEM>
								NO
							</LEDGERFROMITEM>
							<ISDEEMEDPOSITIVE>YES</ISDEEMEDPOSITIVE>
							<AMOUNT>0</AMOUNT>
							</ALLLEDGERENTRIES.LIST><ALLLEDGERENTRIES.LIST>
							<LEDGERNAME>LAB CHARGES(REF- BY DR- RASHMI)</LEDGERNAME>
							<REMOVEZEROENTRIES>
								NO
							</REMOVEZEROENTRIES>
							<LEDGERFROMITEM>
								NO
							</LEDGERFROMITEM>
							<ISDEEMEDPOSITIVE>YES</ISDEEMEDPOSITIVE>
							<AMOUNT>0</AMOUNT>
							</ALLLEDGERENTRIES.LIST><ALLLEDGERENTRIES.LIST>
							<LEDGERNAME>PRO CHARGES (REF- BY DR- RASHMI)</LEDGERNAME>
							<REMOVEZEROENTRIES>
								NO
							</REMOVEZEROENTRIES>
							<LEDGERFROMITEM>
								NO
							</LEDGERFROMITEM>
							<ISDEEMEDPOSITIVE>YES</ISDEEMEDPOSITIVE>
							<AMOUNT>0</AMOUNT>
							</ALLLEDGERENTRIES.LIST><ALLLEDGERENTRIES.LIST>
							<LEDGERNAME>Clinic Pharmacy Sale (REF- BY DR- RASHMI)</LEDGERNAME>
							<REMOVEZEROENTRIES>
								NO
							</REMOVEZEROENTRIES>
							<LEDGERFROMITEM>
								NO
							</LEDGERFROMITEM>
							<ISDEEMEDPOSITIVE>NO</ISDEEMEDPOSITIVE>
							<AMOUNT>150</AMOUNT>
							</ALLLEDGERENTRIES.LIST></VOUCHER>
				</TALLYMESSAGE>
			</REQUESTDATA><REQUESTDATA>
				<TALLYMESSAGE>
					<VOUCHER ACTION="Create" VCHTYPE="Journal">
						<VOUCHERTYPENAME>Journal</VOUCHERTYPENAME>
						<DATE>20240314</DATE>
						<VOUCHERNUMBER>Clinic-A MAR'24-34</VOUCHERNUMBER>
						<PARTYLEDGERNAME>
							Cash2
						</PARTYLEDGERNAME>
						<NARRATION>PRN NO- JHSCR2275 | Name: MRS MAMTA DAS  | 39/F | Address: DIPATOLI | Contact: 6005869764</NARRATION>
						<EFFECTIVEDATE>20240314</EFFECTIVEDATE>
					<ALLLEDGERENTRIES.LIST>
							<LEDGERNAME>Clinic Patient Dr- Rashmi</LEDGERNAME>
							<REMOVEZEROENTRIES>
								NO
							</REMOVEZEROENTRIES>
							<LEDGERFROMITEM>
								NO
							</LEDGERFROMITEM>
							<ISDEEMEDPOSITIVE>YES</ISDEEMEDPOSITIVE>
							<AMOUNT>-1200</AMOUNT>
							</ALLLEDGERENTRIES.LIST><ALLLEDGERENTRIES.LIST>
							<LEDGERNAME>OPD CONSULTANCY FEES(DR- RASHMI)</LEDGERNAME>
							<REMOVEZEROENTRIES>
								NO
							</REMOVEZEROENTRIES>
							<LEDGERFROMITEM>
								NO
							</LEDGERFROMITEM>
							<ISDEEMEDPOSITIVE>NO</ISDEEMEDPOSITIVE>
							<AMOUNT>500</AMOUNT>
							</ALLLEDGERENTRIES.LIST><ALLLEDGERENTRIES.LIST>
							<LEDGERNAME>USG CHARGES (DR- RASHMI)</LEDGERNAME>
							<REMOVEZEROENTRIES>
								NO
							</REMOVEZEROENTRIES>
							<LEDGERFROMITEM>
								NO
							</LEDGERFROMITEM>
							<ISDEEMEDPOSITIVE>YES</ISDEEMEDPOSITIVE>
							<AMOUNT>0</AMOUNT>
							</ALLLEDGERENTRIES.LIST><ALLLEDGERENTRIES.LIST>
							<LEDGERNAME>LAB CHARGES(REF- BY DR- RASHMI)</LEDGERNAME>
							<REMOVEZEROENTRIES>
								NO
							</REMOVEZEROENTRIES>
							<LEDGERFROMITEM>
								NO
							</LEDGERFROMITEM>
							<ISDEEMEDPOSITIVE>NO</ISDEEMEDPOSITIVE>
							<AMOUNT>700</AMOUNT>
							</ALLLEDGERENTRIES.LIST><ALLLEDGERENTRIES.LIST>
							<LEDGERNAME>PRO CHARGES (REF- BY DR- RASHMI)</LEDGERNAME>
							<REMOVEZEROENTRIES>
								NO
							</REMOVEZEROENTRIES>
							<LEDGERFROMITEM>
								NO
							</LEDGERFROMITEM>
							<ISDEEMEDPOSITIVE>YES</ISDEEMEDPOSITIVE>
							<AMOUNT>0</AMOUNT>
							</ALLLEDGERENTRIES.LIST><ALLLEDGERENTRIES.LIST>
							<LEDGERNAME>Clinic Pharmacy Sale (REF- BY DR- RASHMI)</LEDGERNAME>
							<REMOVEZEROENTRIES>
								NO
							</REMOVEZEROENTRIES>
							<LEDGERFROMITEM>
								NO
							</LEDGERFROMITEM>
							<ISDEEMEDPOSITIVE>YES</ISDEEMEDPOSITIVE>
							<AMOUNT>0</AMOUNT>
							</ALLLEDGERENTRIES.LIST></VOUCHER>
				</TALLYMESSAGE>
			</REQUESTDATA><REQUESTDATA>
				<TALLYMESSAGE>
					<VOUCHER ACTION="Create" VCHTYPE="Journal">
						<VOUCHERTYPENAME>Journal</VOUCHERTYPENAME>
						<DATE>20240314</DATE>
						<VOUCHERNUMBER>Clinic-A MAR'24-35</VOUCHERNUMBER>
						<PARTYLEDGERNAME>
							Cash2
						</PARTYLEDGERNAME>
						<NARRATION>PRN NO-  | Name: DR RASHMI  MAM  |  | Address: SPARSH | Contact: 8210625155</NARRATION>
						<EFFECTIVEDATE>20240314</EFFECTIVEDATE>
					<ALLLEDGERENTRIES.LIST>
							<LEDGERNAME>Clinic Patient Dr- Rashmi</LEDGERNAME>
							<REMOVEZEROENTRIES>
								NO
							</REMOVEZEROENTRIES>
							<LEDGERFROMITEM>
								NO
							</LEDGERFROMITEM>
							<ISDEEMEDPOSITIVE>YES</ISDEEMEDPOSITIVE>
							<AMOUNT>-126</AMOUNT>
							</ALLLEDGERENTRIES.LIST><ALLLEDGERENTRIES.LIST>
							<LEDGERNAME>OPD CONSULTANCY FEES(DR- RASHMI)</LEDGERNAME>
							<REMOVEZEROENTRIES>
								NO
							</REMOVEZEROENTRIES>
							<LEDGERFROMITEM>
								NO
							</LEDGERFROMITEM>
							<ISDEEMEDPOSITIVE>YES</ISDEEMEDPOSITIVE>
							<AMOUNT>0</AMOUNT>
							</ALLLEDGERENTRIES.LIST><ALLLEDGERENTRIES.LIST>
							<LEDGERNAME>USG CHARGES (DR- RASHMI)</LEDGERNAME>
							<REMOVEZEROENTRIES>
								NO
							</REMOVEZEROENTRIES>
							<LEDGERFROMITEM>
								NO
							</LEDGERFROMITEM>
							<ISDEEMEDPOSITIVE>YES</ISDEEMEDPOSITIVE>
							<AMOUNT>0</AMOUNT>
							</ALLLEDGERENTRIES.LIST><ALLLEDGERENTRIES.LIST>
							<LEDGERNAME>LAB CHARGES(REF- BY DR- RASHMI)</LEDGERNAME>
							<REMOVEZEROENTRIES>
								NO
							</REMOVEZEROENTRIES>
							<LEDGERFROMITEM>
								NO
							</LEDGERFROMITEM>
							<ISDEEMEDPOSITIVE>YES</ISDEEMEDPOSITIVE>
							<AMOUNT>0</AMOUNT>
							</ALLLEDGERENTRIES.LIST><ALLLEDGERENTRIES.LIST>
							<LEDGERNAME>PRO CHARGES (REF- BY DR- RASHMI)</LEDGERNAME>
							<REMOVEZEROENTRIES>
								NO
							</REMOVEZEROENTRIES>
							<LEDGERFROMITEM>
								NO
							</LEDGERFROMITEM>
							<ISDEEMEDPOSITIVE>YES</ISDEEMEDPOSITIVE>
							<AMOUNT>0</AMOUNT>
							</ALLLEDGERENTRIES.LIST><ALLLEDGERENTRIES.LIST>
							<LEDGERNAME>Clinic Pharmacy Sale (REF- BY DR- RASHMI)</LEDGERNAME>
							<REMOVEZEROENTRIES>
								NO
							</REMOVEZEROENTRIES>
							<LEDGERFROMITEM>
								NO
							</LEDGERFROMITEM>
							<ISDEEMEDPOSITIVE>NO</ISDEEMEDPOSITIVE>
							<AMOUNT>126</AMOUNT>
							</ALLLEDGERENTRIES.LIST></VOUCHER>
				</TALLYMESSAGE>
			</REQUESTDATA><REQUESTDATA>
				<TALLYMESSAGE>
					<VOUCHER ACTION="Create" VCHTYPE="Journal">
						<VOUCHERTYPENAME>Journal</VOUCHERTYPENAME>
						<DATE>20240314</DATE>
						<VOUCHERNUMBER>Clinic-A MAR'24-36</VOUCHERNUMBER>
						<PARTYLEDGERNAME>
							Cash2
						</PARTYLEDGERNAME>
						<NARRATION>PRN NO- JHSCR2267 | Name: MRS SHINU KUMARI  | 31/F | Address: DIPATOLI | Contact: 7970301947</NARRATION>
						<EFFECTIVEDATE>20240314</EFFECTIVEDATE>
					<ALLLEDGERENTRIES.LIST>
							<LEDGERNAME>Clinic Patient Dr- Rashmi</LEDGERNAME>
							<REMOVEZEROENTRIES>
								NO
							</REMOVEZEROENTRIES>
							<LEDGERFROMITEM>
								NO
							</LEDGERFROMITEM>
							<ISDEEMEDPOSITIVE>YES</ISDEEMEDPOSITIVE>
							<AMOUNT>-500</AMOUNT>
							</ALLLEDGERENTRIES.LIST><ALLLEDGERENTRIES.LIST>
							<LEDGERNAME>OPD CONSULTANCY FEES(DR- RASHMI)</LEDGERNAME>
							<REMOVEZEROENTRIES>
								NO
							</REMOVEZEROENTRIES>
							<LEDGERFROMITEM>
								NO
							</LEDGERFROMITEM>
							<ISDEEMEDPOSITIVE>NO</ISDEEMEDPOSITIVE>
							<AMOUNT>500</AMOUNT>
							</ALLLEDGERENTRIES.LIST><ALLLEDGERENTRIES.LIST>
							<LEDGERNAME>USG CHARGES (DR- RASHMI)</LEDGERNAME>
							<REMOVEZEROENTRIES>
								NO
							</REMOVEZEROENTRIES>
							<LEDGERFROMITEM>
								NO
							</LEDGERFROMITEM>
							<ISDEEMEDPOSITIVE>YES</ISDEEMEDPOSITIVE>
							<AMOUNT>0</AMOUNT>
							</ALLLEDGERENTRIES.LIST><ALLLEDGERENTRIES.LIST>
							<LEDGERNAME>LAB CHARGES(REF- BY DR- RASHMI)</LEDGERNAME>
							<REMOVEZEROENTRIES>
								NO
							</REMOVEZEROENTRIES>
							<LEDGERFROMITEM>
								NO
							</LEDGERFROMITEM>
							<ISDEEMEDPOSITIVE>YES</ISDEEMEDPOSITIVE>
							<AMOUNT>0</AMOUNT>
							</ALLLEDGERENTRIES.LIST><ALLLEDGERENTRIES.LIST>
							<LEDGERNAME>PRO CHARGES (REF- BY DR- RASHMI)</LEDGERNAME>
							<REMOVEZEROENTRIES>
								NO
							</REMOVEZEROENTRIES>
							<LEDGERFROMITEM>
								NO
							</LEDGERFROMITEM>
							<ISDEEMEDPOSITIVE>YES</ISDEEMEDPOSITIVE>
							<AMOUNT>0</AMOUNT>
							</ALLLEDGERENTRIES.LIST><ALLLEDGERENTRIES.LIST>
							<LEDGERNAME>Clinic Pharmacy Sale (REF- BY DR- RASHMI)</LEDGERNAME>
							<REMOVEZEROENTRIES>
								NO
							</REMOVEZEROENTRIES>
							<LEDGERFROMITEM>
								NO
							</LEDGERFROMITEM>
							<ISDEEMEDPOSITIVE>YES</ISDEEMEDPOSITIVE>
							<AMOUNT>0</AMOUNT>
							</ALLLEDGERENTRIES.LIST></VOUCHER>
				</TALLYMESSAGE>
			</REQUESTDATA><REQUESTDATA>
				<TALLYMESSAGE>
					<VOUCHER ACTION="Create" VCHTYPE="Journal">
						<VOUCHERTYPENAME>Journal</VOUCHERTYPENAME>
						<DATE>20240314</DATE>
						<VOUCHERNUMBER>Clinic-A MAR'24-37</VOUCHERNUMBER>
						<PARTYLEDGERNAME>
							Cash2
						</PARTYLEDGERNAME>
						<NARRATION>PRN NO- JHSCR2052 | Name: DR RINKU ADARSHI  | 34/F | Address: KATHAL MORE | Contact: 9123192943</NARRATION>
						<EFFECTIVEDATE>20240314</EFFECTIVEDATE>
					<ALLLEDGERENTRIES.LIST>
							<LEDGERNAME>Clinic Patient Dr- Rashmi</LEDGERNAME>
							<REMOVEZEROENTRIES>
								NO
							</REMOVEZEROENTRIES>
							<LEDGERFROMITEM>
								NO
							</LEDGERFROMITEM>
							<ISDEEMEDPOSITIVE>YES</ISDEEMEDPOSITIVE>
							<AMOUNT>-1329</AMOUNT>
							</ALLLEDGERENTRIES.LIST><ALLLEDGERENTRIES.LIST>
							<LEDGERNAME>OPD CONSULTANCY FEES(DR- RASHMI)</LEDGERNAME>
							<REMOVEZEROENTRIES>
								NO
							</REMOVEZEROENTRIES>
							<LEDGERFROMITEM>
								NO
							</LEDGERFROMITEM>
							<ISDEEMEDPOSITIVE>YES</ISDEEMEDPOSITIVE>
							<AMOUNT>0</AMOUNT>
							</ALLLEDGERENTRIES.LIST><ALLLEDGERENTRIES.LIST>
							<LEDGERNAME>USG CHARGES (DR- RASHMI)</LEDGERNAME>
							<REMOVEZEROENTRIES>
								NO
							</REMOVEZEROENTRIES>
							<LEDGERFROMITEM>
								NO
							</LEDGERFROMITEM>
							<ISDEEMEDPOSITIVE>YES</ISDEEMEDPOSITIVE>
							<AMOUNT>0</AMOUNT>
							</ALLLEDGERENTRIES.LIST><ALLLEDGERENTRIES.LIST>
							<LEDGERNAME>LAB CHARGES(REF- BY DR- RASHMI)</LEDGERNAME>
							<REMOVEZEROENTRIES>
								NO
							</REMOVEZEROENTRIES>
							<LEDGERFROMITEM>
								NO
							</LEDGERFROMITEM>
							<ISDEEMEDPOSITIVE>YES</ISDEEMEDPOSITIVE>
							<AMOUNT>0</AMOUNT>
							</ALLLEDGERENTRIES.LIST><ALLLEDGERENTRIES.LIST>
							<LEDGERNAME>PRO CHARGES (REF- BY DR- RASHMI)</LEDGERNAME>
							<REMOVEZEROENTRIES>
								NO
							</REMOVEZEROENTRIES>
							<LEDGERFROMITEM>
								NO
							</LEDGERFROMITEM>
							<ISDEEMEDPOSITIVE>YES</ISDEEMEDPOSITIVE>
							<AMOUNT>0</AMOUNT>
							</ALLLEDGERENTRIES.LIST><ALLLEDGERENTRIES.LIST>
							<LEDGERNAME>Clinic Pharmacy Sale (REF- BY DR- RASHMI)</LEDGERNAME>
							<REMOVEZEROENTRIES>
								NO
							</REMOVEZEROENTRIES>
							<LEDGERFROMITEM>
								NO
							</LEDGERFROMITEM>
							<ISDEEMEDPOSITIVE>NO</ISDEEMEDPOSITIVE>
							<AMOUNT>1329</AMOUNT>
							</ALLLEDGERENTRIES.LIST></VOUCHER>
				</TALLYMESSAGE>
			</REQUESTDATA><REQUESTDATA>
				<TALLYMESSAGE>
					<VOUCHER ACTION="Create" VCHTYPE="Journal">
						<VOUCHERTYPENAME>Journal</VOUCHERTYPENAME>
						<DATE>20240317</DATE>
						<VOUCHERNUMBER>Clinic-A MAR'24-38</VOUCHERNUMBER>
						<PARTYLEDGERNAME>
							Cash2
						</PARTYLEDGERNAME>
						<NARRATION>PRN NO- JHSCR2184 | Name: MRS SARLA DEVI  | 35/F | Address: DIPATOLI | Contact: 6202735734</NARRATION>
						<EFFECTIVEDATE>20240317</EFFECTIVEDATE>
					<ALLLEDGERENTRIES.LIST>
							<LEDGERNAME>Clinic Patient Dr- Rashmi</LEDGERNAME>
							<REMOVEZEROENTRIES>
								NO
							</REMOVEZEROENTRIES>
							<LEDGERFROMITEM>
								NO
							</LEDGERFROMITEM>
							<ISDEEMEDPOSITIVE>YES</ISDEEMEDPOSITIVE>
							<AMOUNT>-1433</AMOUNT>
							</ALLLEDGERENTRIES.LIST><ALLLEDGERENTRIES.LIST>
							<LEDGERNAME>OPD CONSULTANCY FEES(DR- RASHMI)</LEDGERNAME>
							<REMOVEZEROENTRIES>
								NO
							</REMOVEZEROENTRIES>
							<LEDGERFROMITEM>
								NO
							</LEDGERFROMITEM>
							<ISDEEMEDPOSITIVE>YES</ISDEEMEDPOSITIVE>
							<AMOUNT>0</AMOUNT>
							</ALLLEDGERENTRIES.LIST><ALLLEDGERENTRIES.LIST>
							<LEDGERNAME>USG CHARGES (DR- RASHMI)</LEDGERNAME>
							<REMOVEZEROENTRIES>
								NO
							</REMOVEZEROENTRIES>
							<LEDGERFROMITEM>
								NO
							</LEDGERFROMITEM>
							<ISDEEMEDPOSITIVE>YES</ISDEEMEDPOSITIVE>
							<AMOUNT>0</AMOUNT>
							</ALLLEDGERENTRIES.LIST><ALLLEDGERENTRIES.LIST>
							<LEDGERNAME>LAB CHARGES(REF- BY DR- RASHMI)</LEDGERNAME>
							<REMOVEZEROENTRIES>
								NO
							</REMOVEZEROENTRIES>
							<LEDGERFROMITEM>
								NO
							</LEDGERFROMITEM>
							<ISDEEMEDPOSITIVE>YES</ISDEEMEDPOSITIVE>
							<AMOUNT>0</AMOUNT>
							</ALLLEDGERENTRIES.LIST><ALLLEDGERENTRIES.LIST>
							<LEDGERNAME>PRO CHARGES (REF- BY DR- RASHMI)</LEDGERNAME>
							<REMOVEZEROENTRIES>
								NO
							</REMOVEZEROENTRIES>
							<LEDGERFROMITEM>
								NO
							</LEDGERFROMITEM>
							<ISDEEMEDPOSITIVE>YES</ISDEEMEDPOSITIVE>
							<AMOUNT>0</AMOUNT>
							</ALLLEDGERENTRIES.LIST><ALLLEDGERENTRIES.LIST>
							<LEDGERNAME>Clinic Pharmacy Sale (REF- BY DR- RASHMI)</LEDGERNAME>
							<REMOVEZEROENTRIES>
								NO
							</REMOVEZEROENTRIES>
							<LEDGERFROMITEM>
								NO
							</LEDGERFROMITEM>
							<ISDEEMEDPOSITIVE>NO</ISDEEMEDPOSITIVE>
							<AMOUNT>1433</AMOUNT>
							</ALLLEDGERENTRIES.LIST></VOUCHER>
				</TALLYMESSAGE>
			</REQUESTDATA><REQUESTDATA>
				<TALLYMESSAGE>
					<VOUCHER ACTION="Create" VCHTYPE="Journal">
						<VOUCHERTYPENAME>Journal</VOUCHERTYPENAME>
						<DATE>20240318</DATE>
						<VOUCHERNUMBER>Clinic-A MAR'24-39</VOUCHERNUMBER>
						<PARTYLEDGERNAME>
							Cash2
						</PARTYLEDGERNAME>
						<NARRATION>PRN NO- JHSCR2319 | Name: MRS RITI KUMARI  | 30/F | Address: DIPATOLI | Contact: 8651451403</NARRATION>
						<EFFECTIVEDATE>20240318</EFFECTIVEDATE>
					<ALLLEDGERENTRIES.LIST>
							<LEDGERNAME>Clinic Patient Dr- Rashmi</LEDGERNAME>
							<REMOVEZEROENTRIES>
								NO
							</REMOVEZEROENTRIES>
							<LEDGERFROMITEM>
								NO
							</LEDGERFROMITEM>
							<ISDEEMEDPOSITIVE>YES</ISDEEMEDPOSITIVE>
							<AMOUNT>-500</AMOUNT>
							</ALLLEDGERENTRIES.LIST><ALLLEDGERENTRIES.LIST>
							<LEDGERNAME>OPD CONSULTANCY FEES(DR- RASHMI)</LEDGERNAME>
							<REMOVEZEROENTRIES>
								NO
							</REMOVEZEROENTRIES>
							<LEDGERFROMITEM>
								NO
							</LEDGERFROMITEM>
							<ISDEEMEDPOSITIVE>NO</ISDEEMEDPOSITIVE>
							<AMOUNT>500</AMOUNT>
							</ALLLEDGERENTRIES.LIST><ALLLEDGERENTRIES.LIST>
							<LEDGERNAME>USG CHARGES (DR- RASHMI)</LEDGERNAME>
							<REMOVEZEROENTRIES>
								NO
							</REMOVEZEROENTRIES>
							<LEDGERFROMITEM>
								NO
							</LEDGERFROMITEM>
							<ISDEEMEDPOSITIVE>YES</ISDEEMEDPOSITIVE>
							<AMOUNT>0</AMOUNT>
							</ALLLEDGERENTRIES.LIST><ALLLEDGERENTRIES.LIST>
							<LEDGERNAME>LAB CHARGES(REF- BY DR- RASHMI)</LEDGERNAME>
							<REMOVEZEROENTRIES>
								NO
							</REMOVEZEROENTRIES>
							<LEDGERFROMITEM>
								NO
							</LEDGERFROMITEM>
							<ISDEEMEDPOSITIVE>YES</ISDEEMEDPOSITIVE>
							<AMOUNT>0</AMOUNT>
							</ALLLEDGERENTRIES.LIST><ALLLEDGERENTRIES.LIST>
							<LEDGERNAME>PRO CHARGES (REF- BY DR- RASHMI)</LEDGERNAME>
							<REMOVEZEROENTRIES>
								NO
							</REMOVEZEROENTRIES>
							<LEDGERFROMITEM>
								NO
							</LEDGERFROMITEM>
							<ISDEEMEDPOSITIVE>YES</ISDEEMEDPOSITIVE>
							<AMOUNT>0</AMOUNT>
							</ALLLEDGERENTRIES.LIST><ALLLEDGERENTRIES.LIST>
							<LEDGERNAME>Clinic Pharmacy Sale (REF- BY DR- RASHMI)</LEDGERNAME>
							<REMOVEZEROENTRIES>
								NO
							</REMOVEZEROENTRIES>
							<LEDGERFROMITEM>
								NO
							</LEDGERFROMITEM>
							<ISDEEMEDPOSITIVE>YES</ISDEEMEDPOSITIVE>
							<AMOUNT>0</AMOUNT>
							</ALLLEDGERENTRIES.LIST></VOUCHER>
				</TALLYMESSAGE>
			</REQUESTDATA><REQUESTDATA>
				<TALLYMESSAGE>
					<VOUCHER ACTION="Create" VCHTYPE="Journal">
						<VOUCHERTYPENAME>Journal</VOUCHERTYPENAME>
						<DATE>20240318</DATE>
						<VOUCHERNUMBER>Clinic-A MAR'24-40</VOUCHERNUMBER>
						<PARTYLEDGERNAME>
							Cash2
						</PARTYLEDGERNAME>
						<NARRATION>PRN NO- JHSCR2320 | Name: MRS KANCHAN DEVI  | 40/F | Address: GIRIDIH | Contact: 9708153545</NARRATION>
						<EFFECTIVEDATE>20240318</EFFECTIVEDATE>
					<ALLLEDGERENTRIES.LIST>
							<LEDGERNAME>Clinic Patient Dr- Rashmi</LEDGERNAME>
							<REMOVEZEROENTRIES>
								NO
							</REMOVEZEROENTRIES>
							<LEDGERFROMITEM>
								NO
							</LEDGERFROMITEM>
							<ISDEEMEDPOSITIVE>YES</ISDEEMEDPOSITIVE>
							<AMOUNT>-1698</AMOUNT>
							</ALLLEDGERENTRIES.LIST><ALLLEDGERENTRIES.LIST>
							<LEDGERNAME>OPD CONSULTANCY FEES(DR- RASHMI)</LEDGERNAME>
							<REMOVEZEROENTRIES>
								NO
							</REMOVEZEROENTRIES>
							<LEDGERFROMITEM>
								NO
							</LEDGERFROMITEM>
							<ISDEEMEDPOSITIVE>YES</ISDEEMEDPOSITIVE>
							<AMOUNT>0</AMOUNT>
							</ALLLEDGERENTRIES.LIST><ALLLEDGERENTRIES.LIST>
							<LEDGERNAME>USG CHARGES (DR- RASHMI)</LEDGERNAME>
							<REMOVEZEROENTRIES>
								NO
							</REMOVEZEROENTRIES>
							<LEDGERFROMITEM>
								NO
							</LEDGERFROMITEM>
							<ISDEEMEDPOSITIVE>YES</ISDEEMEDPOSITIVE>
							<AMOUNT>0</AMOUNT>
							</ALLLEDGERENTRIES.LIST><ALLLEDGERENTRIES.LIST>
							<LEDGERNAME>LAB CHARGES(REF- BY DR- RASHMI)</LEDGERNAME>
							<REMOVEZEROENTRIES>
								NO
							</REMOVEZEROENTRIES>
							<LEDGERFROMITEM>
								NO
							</LEDGERFROMITEM>
							<ISDEEMEDPOSITIVE>NO</ISDEEMEDPOSITIVE>
							<AMOUNT>990</AMOUNT>
							</ALLLEDGERENTRIES.LIST><ALLLEDGERENTRIES.LIST>
							<LEDGERNAME>PRO CHARGES (REF- BY DR- RASHMI)</LEDGERNAME>
							<REMOVEZEROENTRIES>
								NO
							</REMOVEZEROENTRIES>
							<LEDGERFROMITEM>
								NO
							</LEDGERFROMITEM>
							<ISDEEMEDPOSITIVE>YES</ISDEEMEDPOSITIVE>
							<AMOUNT>0</AMOUNT>
							</ALLLEDGERENTRIES.LIST><ALLLEDGERENTRIES.LIST>
							<LEDGERNAME>Clinic Pharmacy Sale (REF- BY DR- RASHMI)</LEDGERNAME>
							<REMOVEZEROENTRIES>
								NO
							</REMOVEZEROENTRIES>
							<LEDGERFROMITEM>
								NO
							</LEDGERFROMITEM>
							<ISDEEMEDPOSITIVE>NO</ISDEEMEDPOSITIVE>
							<AMOUNT>708</AMOUNT>
							</ALLLEDGERENTRIES.LIST></VOUCHER>
				</TALLYMESSAGE>
			</REQUESTDATA><REQUESTDATA>
				<TALLYMESSAGE>
					<VOUCHER ACTION="Create" VCHTYPE="Journal">
						<VOUCHERTYPENAME>Journal</VOUCHERTYPENAME>
						<DATE>20240318</DATE>
						<VOUCHERNUMBER>Clinic-A MAR'24-41</VOUCHERNUMBER>
						<PARTYLEDGERNAME>
							Cash2
						</PARTYLEDGERNAME>
						<NARRATION>PRN NO- JHSCR2270 | Name: MRS MAMTA NAYAK  | 29/F | Address: DIPATOLI | Contact: 8527453080</NARRATION>
						<EFFECTIVEDATE>20240318</EFFECTIVEDATE>
					<ALLLEDGERENTRIES.LIST>
							<LEDGERNAME>Clinic Patient Dr- Rashmi</LEDGERNAME>
							<REMOVEZEROENTRIES>
								NO
							</REMOVEZEROENTRIES>
							<LEDGERFROMITEM>
								NO
							</LEDGERFROMITEM>
							<ISDEEMEDPOSITIVE>YES</ISDEEMEDPOSITIVE>
							<AMOUNT>-818</AMOUNT>
							</ALLLEDGERENTRIES.LIST><ALLLEDGERENTRIES.LIST>
							<LEDGERNAME>OPD CONSULTANCY FEES(DR- RASHMI)</LEDGERNAME>
							<REMOVEZEROENTRIES>
								NO
							</REMOVEZEROENTRIES>
							<LEDGERFROMITEM>
								NO
							</LEDGERFROMITEM>
							<ISDEEMEDPOSITIVE>NO</ISDEEMEDPOSITIVE>
							<AMOUNT>500</AMOUNT>
							</ALLLEDGERENTRIES.LIST><ALLLEDGERENTRIES.LIST>
							<LEDGERNAME>USG CHARGES (DR- RASHMI)</LEDGERNAME>
							<REMOVEZEROENTRIES>
								NO
							</REMOVEZEROENTRIES>
							<LEDGERFROMITEM>
								NO
							</LEDGERFROMITEM>
							<ISDEEMEDPOSITIVE>YES</ISDEEMEDPOSITIVE>
							<AMOUNT>0</AMOUNT>
							</ALLLEDGERENTRIES.LIST><ALLLEDGERENTRIES.LIST>
							<LEDGERNAME>LAB CHARGES(REF- BY DR- RASHMI)</LEDGERNAME>
							<REMOVEZEROENTRIES>
								NO
							</REMOVEZEROENTRIES>
							<LEDGERFROMITEM>
								NO
							</LEDGERFROMITEM>
							<ISDEEMEDPOSITIVE>YES</ISDEEMEDPOSITIVE>
							<AMOUNT>0</AMOUNT>
							</ALLLEDGERENTRIES.LIST><ALLLEDGERENTRIES.LIST>
							<LEDGERNAME>PRO CHARGES (REF- BY DR- RASHMI)</LEDGERNAME>
							<REMOVEZEROENTRIES>
								NO
							</REMOVEZEROENTRIES>
							<LEDGERFROMITEM>
								NO
							</LEDGERFROMITEM>
							<ISDEEMEDPOSITIVE>YES</ISDEEMEDPOSITIVE>
							<AMOUNT>0</AMOUNT>
							</ALLLEDGERENTRIES.LIST><ALLLEDGERENTRIES.LIST>
							<LEDGERNAME>Clinic Pharmacy Sale (REF- BY DR- RASHMI)</LEDGERNAME>
							<REMOVEZEROENTRIES>
								NO
							</REMOVEZEROENTRIES>
							<LEDGERFROMITEM>
								NO
							</LEDGERFROMITEM>
							<ISDEEMEDPOSITIVE>NO</ISDEEMEDPOSITIVE>
							<AMOUNT>318</AMOUNT>
							</ALLLEDGERENTRIES.LIST></VOUCHER>
				</TALLYMESSAGE>
			</REQUESTDATA><REQUESTDATA>
				<TALLYMESSAGE>
					<VOUCHER ACTION="Create" VCHTYPE="Journal">
						<VOUCHERTYPENAME>Journal</VOUCHERTYPENAME>
						<DATE>20240318</DATE>
						<VOUCHERNUMBER>Clinic-A MAR'24-42</VOUCHERNUMBER>
						<PARTYLEDGERNAME>
							Cash2
						</PARTYLEDGERNAME>
						<NARRATION>PRN NO- JHSCR0101 | Name: MRS SUMAN BHARTI  | 30/F | Address: SINGH MORE | Contact: 8340505205</NARRATION>
						<EFFECTIVEDATE>20240318</EFFECTIVEDATE>
					<ALLLEDGERENTRIES.LIST>
							<LEDGERNAME>Clinic Patient Dr- Rashmi</LEDGERNAME>
							<REMOVEZEROENTRIES>
								NO
							</REMOVEZEROENTRIES>
							<LEDGERFROMITEM>
								NO
							</LEDGERFROMITEM>
							<ISDEEMEDPOSITIVE>YES</ISDEEMEDPOSITIVE>
							<AMOUNT>-4190</AMOUNT>
							</ALLLEDGERENTRIES.LIST><ALLLEDGERENTRIES.LIST>
							<LEDGERNAME>OPD CONSULTANCY FEES(DR- RASHMI)</LEDGERNAME>
							<REMOVEZEROENTRIES>
								NO
							</REMOVEZEROENTRIES>
							<LEDGERFROMITEM>
								NO
							</LEDGERFROMITEM>
							<ISDEEMEDPOSITIVE>NO</ISDEEMEDPOSITIVE>
							<AMOUNT>500</AMOUNT>
							</ALLLEDGERENTRIES.LIST><ALLLEDGERENTRIES.LIST>
							<LEDGERNAME>USG CHARGES (DR- RASHMI)</LEDGERNAME>
							<REMOVEZEROENTRIES>
								NO
							</REMOVEZEROENTRIES>
							<LEDGERFROMITEM>
								NO
							</LEDGERFROMITEM>
							<ISDEEMEDPOSITIVE>NO</ISDEEMEDPOSITIVE>
							<AMOUNT>1000</AMOUNT>
							</ALLLEDGERENTRIES.LIST><ALLLEDGERENTRIES.LIST>
							<LEDGERNAME>LAB CHARGES(REF- BY DR- RASHMI)</LEDGERNAME>
							<REMOVEZEROENTRIES>
								NO
							</REMOVEZEROENTRIES>
							<LEDGERFROMITEM>
								NO
							</LEDGERFROMITEM>
							<ISDEEMEDPOSITIVE>YES</ISDEEMEDPOSITIVE>
							<AMOUNT>0</AMOUNT>
							</ALLLEDGERENTRIES.LIST><ALLLEDGERENTRIES.LIST>
							<LEDGERNAME>PRO CHARGES (REF- BY DR- RASHMI)</LEDGERNAME>
							<REMOVEZEROENTRIES>
								NO
							</REMOVEZEROENTRIES>
							<LEDGERFROMITEM>
								NO
							</LEDGERFROMITEM>
							<ISDEEMEDPOSITIVE>YES</ISDEEMEDPOSITIVE>
							<AMOUNT>0</AMOUNT>
							</ALLLEDGERENTRIES.LIST><ALLLEDGERENTRIES.LIST>
							<LEDGERNAME>Clinic Pharmacy Sale (REF- BY DR- RASHMI)</LEDGERNAME>
							<REMOVEZEROENTRIES>
								NO
							</REMOVEZEROENTRIES>
							<LEDGERFROMITEM>
								NO
							</LEDGERFROMITEM>
							<ISDEEMEDPOSITIVE>NO</ISDEEMEDPOSITIVE>
							<AMOUNT>2690</AMOUNT>
							</ALLLEDGERENTRIES.LIST></VOUCHER>
				</TALLYMESSAGE>
			</REQUESTDATA><REQUESTDATA>
				<TALLYMESSAGE>
					<VOUCHER ACTION="Create" VCHTYPE="Journal">
						<VOUCHERTYPENAME>Journal</VOUCHERTYPENAME>
						<DATE>20240319</DATE>
						<VOUCHERNUMBER>Clinic-A MAR'24-43</VOUCHERNUMBER>
						<PARTYLEDGERNAME>
							Cash2
						</PARTYLEDGERNAME>
						<NARRATION>PRN NO- JHSCR2324 | Name: MRS  MAMTA DEVI  | 40/F | Address: GAWAN GIRIDIH | Contact: 9661285832</NARRATION>
						<EFFECTIVEDATE>20240319</EFFECTIVEDATE>
					<ALLLEDGERENTRIES.LIST>
							<LEDGERNAME>Clinic Patient Dr- Rashmi</LEDGERNAME>
							<REMOVEZEROENTRIES>
								NO
							</REMOVEZEROENTRIES>
							<LEDGERFROMITEM>
								NO
							</LEDGERFROMITEM>
							<ISDEEMEDPOSITIVE>YES</ISDEEMEDPOSITIVE>
							<AMOUNT>-4539</AMOUNT>
							</ALLLEDGERENTRIES.LIST><ALLLEDGERENTRIES.LIST>
							<LEDGERNAME>OPD CONSULTANCY FEES(DR- RASHMI)</LEDGERNAME>
							<REMOVEZEROENTRIES>
								NO
							</REMOVEZEROENTRIES>
							<LEDGERFROMITEM>
								NO
							</LEDGERFROMITEM>
							<ISDEEMEDPOSITIVE>NO</ISDEEMEDPOSITIVE>
							<AMOUNT>500</AMOUNT>
							</ALLLEDGERENTRIES.LIST><ALLLEDGERENTRIES.LIST>
							<LEDGERNAME>USG CHARGES (DR- RASHMI)</LEDGERNAME>
							<REMOVEZEROENTRIES>
								NO
							</REMOVEZEROENTRIES>
							<LEDGERFROMITEM>
								NO
							</LEDGERFROMITEM>
							<ISDEEMEDPOSITIVE>YES</ISDEEMEDPOSITIVE>
							<AMOUNT>0</AMOUNT>
							</ALLLEDGERENTRIES.LIST><ALLLEDGERENTRIES.LIST>
							<LEDGERNAME>LAB CHARGES(REF- BY DR- RASHMI)</LEDGERNAME>
							<REMOVEZEROENTRIES>
								NO
							</REMOVEZEROENTRIES>
							<LEDGERFROMITEM>
								NO
							</LEDGERFROMITEM>
							<ISDEEMEDPOSITIVE>NO</ISDEEMEDPOSITIVE>
							<AMOUNT>1800</AMOUNT>
							</ALLLEDGERENTRIES.LIST><ALLLEDGERENTRIES.LIST>
							<LEDGERNAME>PRO CHARGES (REF- BY DR- RASHMI)</LEDGERNAME>
							<REMOVEZEROENTRIES>
								NO
							</REMOVEZEROENTRIES>
							<LEDGERFROMITEM>
								NO
							</LEDGERFROMITEM>
							<ISDEEMEDPOSITIVE>YES</ISDEEMEDPOSITIVE>
							<AMOUNT>0</AMOUNT>
							</ALLLEDGERENTRIES.LIST><ALLLEDGERENTRIES.LIST>
							<LEDGERNAME>Clinic Pharmacy Sale (REF- BY DR- RASHMI)</LEDGERNAME>
							<REMOVEZEROENTRIES>
								NO
							</REMOVEZEROENTRIES>
							<LEDGERFROMITEM>
								NO
							</LEDGERFROMITEM>
							<ISDEEMEDPOSITIVE>NO</ISDEEMEDPOSITIVE>
							<AMOUNT>2239</AMOUNT>
							</ALLLEDGERENTRIES.LIST></VOUCHER>
				</TALLYMESSAGE>
			</REQUESTDATA><REQUESTDATA>
				<TALLYMESSAGE>
					<VOUCHER ACTION="Create" VCHTYPE="Journal">
						<VOUCHERTYPENAME>Journal</VOUCHERTYPENAME>
						<DATE>20240319</DATE>
						<VOUCHERNUMBER>Clinic-A MAR'24-44</VOUCHERNUMBER>
						<PARTYLEDGERNAME>
							Cash2
						</PARTYLEDGERNAME>
						<NARRATION>PRN NO- JHSCR0533 | Name: MRS SUPRIYA KUMARI  | 34/F | Address: HANUMAN NAGAR DIPATOLI | Contact: 9901070046</NARRATION>
						<EFFECTIVEDATE>20240319</EFFECTIVEDATE>
					<ALLLEDGERENTRIES.LIST>
							<LEDGERNAME>Clinic Patient Dr- Rashmi</LEDGERNAME>
							<REMOVEZEROENTRIES>
								NO
							</REMOVEZEROENTRIES>
							<LEDGERFROMITEM>
								NO
							</LEDGERFROMITEM>
							<ISDEEMEDPOSITIVE>YES</ISDEEMEDPOSITIVE>
							<AMOUNT>-500</AMOUNT>
							</ALLLEDGERENTRIES.LIST><ALLLEDGERENTRIES.LIST>
							<LEDGERNAME>OPD CONSULTANCY FEES(DR- RASHMI)</LEDGERNAME>
							<REMOVEZEROENTRIES>
								NO
							</REMOVEZEROENTRIES>
							<LEDGERFROMITEM>
								NO
							</LEDGERFROMITEM>
							<ISDEEMEDPOSITIVE>NO</ISDEEMEDPOSITIVE>
							<AMOUNT>500</AMOUNT>
							</ALLLEDGERENTRIES.LIST><ALLLEDGERENTRIES.LIST>
							<LEDGERNAME>USG CHARGES (DR- RASHMI)</LEDGERNAME>
							<REMOVEZEROENTRIES>
								NO
							</REMOVEZEROENTRIES>
							<LEDGERFROMITEM>
								NO
							</LEDGERFROMITEM>
							<ISDEEMEDPOSITIVE>YES</ISDEEMEDPOSITIVE>
							<AMOUNT>0</AMOUNT>
							</ALLLEDGERENTRIES.LIST><ALLLEDGERENTRIES.LIST>
							<LEDGERNAME>LAB CHARGES(REF- BY DR- RASHMI)</LEDGERNAME>
							<REMOVEZEROENTRIES>
								NO
							</REMOVEZEROENTRIES>
							<LEDGERFROMITEM>
								NO
							</LEDGERFROMITEM>
							<ISDEEMEDPOSITIVE>YES</ISDEEMEDPOSITIVE>
							<AMOUNT>0</AMOUNT>
							</ALLLEDGERENTRIES.LIST><ALLLEDGERENTRIES.LIST>
							<LEDGERNAME>PRO CHARGES (REF- BY DR- RASHMI)</LEDGERNAME>
							<REMOVEZEROENTRIES>
								NO
							</REMOVEZEROENTRIES>
							<LEDGERFROMITEM>
								NO
							</LEDGERFROMITEM>
							<ISDEEMEDPOSITIVE>YES</ISDEEMEDPOSITIVE>
							<AMOUNT>0</AMOUNT>
							</ALLLEDGERENTRIES.LIST><ALLLEDGERENTRIES.LIST>
							<LEDGERNAME>Clinic Pharmacy Sale (REF- BY DR- RASHMI)</LEDGERNAME>
							<REMOVEZEROENTRIES>
								NO
							</REMOVEZEROENTRIES>
							<LEDGERFROMITEM>
								NO
							</LEDGERFROMITEM>
							<ISDEEMEDPOSITIVE>YES</ISDEEMEDPOSITIVE>
							<AMOUNT>0</AMOUNT>
							</ALLLEDGERENTRIES.LIST></VOUCHER>
				</TALLYMESSAGE>
			</REQUESTDATA><REQUESTDATA>
				<TALLYMESSAGE>
					<VOUCHER ACTION="Create" VCHTYPE="Journal">
						<VOUCHERTYPENAME>Journal</VOUCHERTYPENAME>
						<DATE>20240319</DATE>
						<VOUCHERNUMBER>Clinic-A MAR'24-45</VOUCHERNUMBER>
						<PARTYLEDGERNAME>
							Cash2
						</PARTYLEDGERNAME>
						<NARRATION>PRN NO- JHSCR2046 | Name: MRS JALAMATI GAIKWAD  | 22/F | Address: DIPATOLI | Contact: 9027679429</NARRATION>
						<EFFECTIVEDATE>20240319</EFFECTIVEDATE>
					<ALLLEDGERENTRIES.LIST>
							<LEDGERNAME>Clinic Patient Dr- Rashmi</LEDGERNAME>
							<REMOVEZEROENTRIES>
								NO
							</REMOVEZEROENTRIES>
							<LEDGERFROMITEM>
								NO
							</LEDGERFROMITEM>
							<ISDEEMEDPOSITIVE>YES</ISDEEMEDPOSITIVE>
							<AMOUNT>-283</AMOUNT>
							</ALLLEDGERENTRIES.LIST><ALLLEDGERENTRIES.LIST>
							<LEDGERNAME>OPD CONSULTANCY FEES(DR- RASHMI)</LEDGERNAME>
							<REMOVEZEROENTRIES>
								NO
							</REMOVEZEROENTRIES>
							<LEDGERFROMITEM>
								NO
							</LEDGERFROMITEM>
							<ISDEEMEDPOSITIVE>YES</ISDEEMEDPOSITIVE>
							<AMOUNT>0</AMOUNT>
							</ALLLEDGERENTRIES.LIST><ALLLEDGERENTRIES.LIST>
							<LEDGERNAME>USG CHARGES (DR- RASHMI)</LEDGERNAME>
							<REMOVEZEROENTRIES>
								NO
							</REMOVEZEROENTRIES>
							<LEDGERFROMITEM>
								NO
							</LEDGERFROMITEM>
							<ISDEEMEDPOSITIVE>YES</ISDEEMEDPOSITIVE>
							<AMOUNT>0</AMOUNT>
							</ALLLEDGERENTRIES.LIST><ALLLEDGERENTRIES.LIST>
							<LEDGERNAME>LAB CHARGES(REF- BY DR- RASHMI)</LEDGERNAME>
							<REMOVEZEROENTRIES>
								NO
							</REMOVEZEROENTRIES>
							<LEDGERFROMITEM>
								NO
							</LEDGERFROMITEM>
							<ISDEEMEDPOSITIVE>YES</ISDEEMEDPOSITIVE>
							<AMOUNT>0</AMOUNT>
							</ALLLEDGERENTRIES.LIST><ALLLEDGERENTRIES.LIST>
							<LEDGERNAME>PRO CHARGES (REF- BY DR- RASHMI)</LEDGERNAME>
							<REMOVEZEROENTRIES>
								NO
							</REMOVEZEROENTRIES>
							<LEDGERFROMITEM>
								NO
							</LEDGERFROMITEM>
							<ISDEEMEDPOSITIVE>YES</ISDEEMEDPOSITIVE>
							<AMOUNT>0</AMOUNT>
							</ALLLEDGERENTRIES.LIST><ALLLEDGERENTRIES.LIST>
							<LEDGERNAME>Clinic Pharmacy Sale (REF- BY DR- RASHMI)</LEDGERNAME>
							<REMOVEZEROENTRIES>
								NO
							</REMOVEZEROENTRIES>
							<LEDGERFROMITEM>
								NO
							</LEDGERFROMITEM>
							<ISDEEMEDPOSITIVE>NO</ISDEEMEDPOSITIVE>
							<AMOUNT>283</AMOUNT>
							</ALLLEDGERENTRIES.LIST></VOUCHER>
				</TALLYMESSAGE>
			</REQUESTDATA><REQUESTDATA>
				<TALLYMESSAGE>
					<VOUCHER ACTION="Create" VCHTYPE="Journal">
						<VOUCHERTYPENAME>Journal</VOUCHERTYPENAME>
						<DATE>20240321</DATE>
						<VOUCHERNUMBER>Clinic-A MAR'24-46</VOUCHERNUMBER>
						<PARTYLEDGERNAME>
							Cash2
						</PARTYLEDGERNAME>
						<NARRATION>PRN NO- JHSCR2328 | Name: MRS SHAMIMA KHATOON  | 80/F | Address: KANTATOLI | Contact: 7389896322</NARRATION>
						<EFFECTIVEDATE>20240321</EFFECTIVEDATE>
					<ALLLEDGERENTRIES.LIST>
							<LEDGERNAME>Clinic Patient Dr- Rashmi</LEDGERNAME>
							<REMOVEZEROENTRIES>
								NO
							</REMOVEZEROENTRIES>
							<LEDGERFROMITEM>
								NO
							</LEDGERFROMITEM>
							<ISDEEMEDPOSITIVE>YES</ISDEEMEDPOSITIVE>
							<AMOUNT>-2284</AMOUNT>
							</ALLLEDGERENTRIES.LIST><ALLLEDGERENTRIES.LIST>
							<LEDGERNAME>OPD CONSULTANCY FEES(DR- RASHMI)</LEDGERNAME>
							<REMOVEZEROENTRIES>
								NO
							</REMOVEZEROENTRIES>
							<LEDGERFROMITEM>
								NO
							</LEDGERFROMITEM>
							<ISDEEMEDPOSITIVE>NO</ISDEEMEDPOSITIVE>
							<AMOUNT>500</AMOUNT>
							</ALLLEDGERENTRIES.LIST><ALLLEDGERENTRIES.LIST>
							<LEDGERNAME>USG CHARGES (DR- RASHMI)</LEDGERNAME>
							<REMOVEZEROENTRIES>
								NO
							</REMOVEZEROENTRIES>
							<LEDGERFROMITEM>
								NO
							</LEDGERFROMITEM>
							<ISDEEMEDPOSITIVE>YES</ISDEEMEDPOSITIVE>
							<AMOUNT>0</AMOUNT>
							</ALLLEDGERENTRIES.LIST><ALLLEDGERENTRIES.LIST>
							<LEDGERNAME>LAB CHARGES(REF- BY DR- RASHMI)</LEDGERNAME>
							<REMOVEZEROENTRIES>
								NO
							</REMOVEZEROENTRIES>
							<LEDGERFROMITEM>
								NO
							</LEDGERFROMITEM>
							<ISDEEMEDPOSITIVE>NO</ISDEEMEDPOSITIVE>
							<AMOUNT>1650</AMOUNT>
							</ALLLEDGERENTRIES.LIST><ALLLEDGERENTRIES.LIST>
							<LEDGERNAME>PRO CHARGES (REF- BY DR- RASHMI)</LEDGERNAME>
							<REMOVEZEROENTRIES>
								NO
							</REMOVEZEROENTRIES>
							<LEDGERFROMITEM>
								NO
							</LEDGERFROMITEM>
							<ISDEEMEDPOSITIVE>YES</ISDEEMEDPOSITIVE>
							<AMOUNT>0</AMOUNT>
							</ALLLEDGERENTRIES.LIST><ALLLEDGERENTRIES.LIST>
							<LEDGERNAME>Clinic Pharmacy Sale (REF- BY DR- RASHMI)</LEDGERNAME>
							<REMOVEZEROENTRIES>
								NO
							</REMOVEZEROENTRIES>
							<LEDGERFROMITEM>
								NO
							</LEDGERFROMITEM>
							<ISDEEMEDPOSITIVE>NO</ISDEEMEDPOSITIVE>
							<AMOUNT>134</AMOUNT>
							</ALLLEDGERENTRIES.LIST></VOUCHER>
				</TALLYMESSAGE>
			</REQUESTDATA><REQUESTDATA>
				<TALLYMESSAGE>
					<VOUCHER ACTION="Create" VCHTYPE="Journal">
						<VOUCHERTYPENAME>Journal</VOUCHERTYPENAME>
						<DATE>20240321</DATE>
						<VOUCHERNUMBER>Clinic-A MAR'24-47</VOUCHERNUMBER>
						<PARTYLEDGERNAME>
							Cash2
						</PARTYLEDGERNAME>
						<NARRATION>PRN NO-  | Name: MRS SANGITA DEVI  |  | Address:  | Contact: </NARRATION>
						<EFFECTIVEDATE>20240321</EFFECTIVEDATE>
					<ALLLEDGERENTRIES.LIST>
							<LEDGERNAME>Clinic Patient Dr- Rashmi</LEDGERNAME>
							<REMOVEZEROENTRIES>
								NO
							</REMOVEZEROENTRIES>
							<LEDGERFROMITEM>
								NO
							</LEDGERFROMITEM>
							<ISDEEMEDPOSITIVE>YES</ISDEEMEDPOSITIVE>
							<AMOUNT>-182</AMOUNT>
							</ALLLEDGERENTRIES.LIST><ALLLEDGERENTRIES.LIST>
							<LEDGERNAME>OPD CONSULTANCY FEES(DR- RASHMI)</LEDGERNAME>
							<REMOVEZEROENTRIES>
								NO
							</REMOVEZEROENTRIES>
							<LEDGERFROMITEM>
								NO
							</LEDGERFROMITEM>
							<ISDEEMEDPOSITIVE>YES</ISDEEMEDPOSITIVE>
							<AMOUNT>0</AMOUNT>
							</ALLLEDGERENTRIES.LIST><ALLLEDGERENTRIES.LIST>
							<LEDGERNAME>USG CHARGES (DR- RASHMI)</LEDGERNAME>
							<REMOVEZEROENTRIES>
								NO
							</REMOVEZEROENTRIES>
							<LEDGERFROMITEM>
								NO
							</LEDGERFROMITEM>
							<ISDEEMEDPOSITIVE>YES</ISDEEMEDPOSITIVE>
							<AMOUNT>0</AMOUNT>
							</ALLLEDGERENTRIES.LIST><ALLLEDGERENTRIES.LIST>
							<LEDGERNAME>LAB CHARGES(REF- BY DR- RASHMI)</LEDGERNAME>
							<REMOVEZEROENTRIES>
								NO
							</REMOVEZEROENTRIES>
							<LEDGERFROMITEM>
								NO
							</LEDGERFROMITEM>
							<ISDEEMEDPOSITIVE>YES</ISDEEMEDPOSITIVE>
							<AMOUNT>0</AMOUNT>
							</ALLLEDGERENTRIES.LIST><ALLLEDGERENTRIES.LIST>
							<LEDGERNAME>PRO CHARGES (REF- BY DR- RASHMI)</LEDGERNAME>
							<REMOVEZEROENTRIES>
								NO
							</REMOVEZEROENTRIES>
							<LEDGERFROMITEM>
								NO
							</LEDGERFROMITEM>
							<ISDEEMEDPOSITIVE>YES</ISDEEMEDPOSITIVE>
							<AMOUNT>0</AMOUNT>
							</ALLLEDGERENTRIES.LIST><ALLLEDGERENTRIES.LIST>
							<LEDGERNAME>Clinic Pharmacy Sale (REF- BY DR- RASHMI)</LEDGERNAME>
							<REMOVEZEROENTRIES>
								NO
							</REMOVEZEROENTRIES>
							<LEDGERFROMITEM>
								NO
							</LEDGERFROMITEM>
							<ISDEEMEDPOSITIVE>NO</ISDEEMEDPOSITIVE>
							<AMOUNT>182</AMOUNT>
							</ALLLEDGERENTRIES.LIST></VOUCHER>
				</TALLYMESSAGE>
			</REQUESTDATA><REQUESTDATA>
				<TALLYMESSAGE>
					<VOUCHER ACTION="Create" VCHTYPE="Journal">
						<VOUCHERTYPENAME>Journal</VOUCHERTYPENAME>
						<DATE>20240322</DATE>
						<VOUCHERNUMBER>Clinic-A MAR'24-48</VOUCHERNUMBER>
						<PARTYLEDGERNAME>
							Cash2
						</PARTYLEDGERNAME>
						<NARRATION>PRN NO- JHSCR0746 | Name: MRS ANJANA MUDULI  | 39/F | Address: DIPATOLI | Contact: 6201455525</NARRATION>
						<EFFECTIVEDATE>20240322</EFFECTIVEDATE>
					<ALLLEDGERENTRIES.LIST>
							<LEDGERNAME>Clinic Patient Dr- Rashmi</LEDGERNAME>
							<REMOVEZEROENTRIES>
								NO
							</REMOVEZEROENTRIES>
							<LEDGERFROMITEM>
								NO
							</LEDGERFROMITEM>
							<ISDEEMEDPOSITIVE>YES</ISDEEMEDPOSITIVE>
							<AMOUNT>-2024</AMOUNT>
							</ALLLEDGERENTRIES.LIST><ALLLEDGERENTRIES.LIST>
							<LEDGERNAME>OPD CONSULTANCY FEES(DR- RASHMI)</LEDGERNAME>
							<REMOVEZEROENTRIES>
								NO
							</REMOVEZEROENTRIES>
							<LEDGERFROMITEM>
								NO
							</LEDGERFROMITEM>
							<ISDEEMEDPOSITIVE>NO</ISDEEMEDPOSITIVE>
							<AMOUNT>500</AMOUNT>
							</ALLLEDGERENTRIES.LIST><ALLLEDGERENTRIES.LIST>
							<LEDGERNAME>USG CHARGES (DR- RASHMI)</LEDGERNAME>
							<REMOVEZEROENTRIES>
								NO
							</REMOVEZEROENTRIES>
							<LEDGERFROMITEM>
								NO
							</LEDGERFROMITEM>
							<ISDEEMEDPOSITIVE>NO</ISDEEMEDPOSITIVE>
							<AMOUNT>1000</AMOUNT>
							</ALLLEDGERENTRIES.LIST><ALLLEDGERENTRIES.LIST>
							<LEDGERNAME>LAB CHARGES(REF- BY DR- RASHMI)</LEDGERNAME>
							<REMOVEZEROENTRIES>
								NO
							</REMOVEZEROENTRIES>
							<LEDGERFROMITEM>
								NO
							</LEDGERFROMITEM>
							<ISDEEMEDPOSITIVE>YES</ISDEEMEDPOSITIVE>
							<AMOUNT>0</AMOUNT>
							</ALLLEDGERENTRIES.LIST><ALLLEDGERENTRIES.LIST>
							<LEDGERNAME>PRO CHARGES (REF- BY DR- RASHMI)</LEDGERNAME>
							<REMOVEZEROENTRIES>
								NO
							</REMOVEZEROENTRIES>
							<LEDGERFROMITEM>
								NO
							</LEDGERFROMITEM>
							<ISDEEMEDPOSITIVE>YES</ISDEEMEDPOSITIVE>
							<AMOUNT>0</AMOUNT>
							</ALLLEDGERENTRIES.LIST><ALLLEDGERENTRIES.LIST>
							<LEDGERNAME>Clinic Pharmacy Sale (REF- BY DR- RASHMI)</LEDGERNAME>
							<REMOVEZEROENTRIES>
								NO
							</REMOVEZEROENTRIES>
							<LEDGERFROMITEM>
								NO
							</LEDGERFROMITEM>
							<ISDEEMEDPOSITIVE>NO</ISDEEMEDPOSITIVE>
							<AMOUNT>524</AMOUNT>
							</ALLLEDGERENTRIES.LIST></VOUCHER>
				</TALLYMESSAGE>
			</REQUESTDATA><REQUESTDATA>
				<TALLYMESSAGE>
					<VOUCHER ACTION="Create" VCHTYPE="Journal">
						<VOUCHERTYPENAME>Journal</VOUCHERTYPENAME>
						<DATE>20240322</DATE>
						<VOUCHERNUMBER>Clinic-A MAR'24-49</VOUCHERNUMBER>
						<PARTYLEDGERNAME>
							Cash2
						</PARTYLEDGERNAME>
						<NARRATION>PRN NO- JHSCR2329 | Name: MRS RITU SIKARWAR  | 32/F | Address: KHELGAON SOCIETY | Contact: 9713130090</NARRATION>
						<EFFECTIVEDATE>20240322</EFFECTIVEDATE>
					<ALLLEDGERENTRIES.LIST>
							<LEDGERNAME>Clinic Patient Dr- Rashmi</LEDGERNAME>
							<REMOVEZEROENTRIES>
								NO
							</REMOVEZEROENTRIES>
							<LEDGERFROMITEM>
								NO
							</LEDGERFROMITEM>
							<ISDEEMEDPOSITIVE>YES</ISDEEMEDPOSITIVE>
							<AMOUNT>-3445</AMOUNT>
							</ALLLEDGERENTRIES.LIST><ALLLEDGERENTRIES.LIST>
							<LEDGERNAME>OPD CONSULTANCY FEES(DR- RASHMI)</LEDGERNAME>
							<REMOVEZEROENTRIES>
								NO
							</REMOVEZEROENTRIES>
							<LEDGERFROMITEM>
								NO
							</LEDGERFROMITEM>
							<ISDEEMEDPOSITIVE>NO</ISDEEMEDPOSITIVE>
							<AMOUNT>500</AMOUNT>
							</ALLLEDGERENTRIES.LIST><ALLLEDGERENTRIES.LIST>
							<LEDGERNAME>USG CHARGES (DR- RASHMI)</LEDGERNAME>
							<REMOVEZEROENTRIES>
								NO
							</REMOVEZEROENTRIES>
							<LEDGERFROMITEM>
								NO
							</LEDGERFROMITEM>
							<ISDEEMEDPOSITIVE>YES</ISDEEMEDPOSITIVE>
							<AMOUNT>0</AMOUNT>
							</ALLLEDGERENTRIES.LIST><ALLLEDGERENTRIES.LIST>
							<LEDGERNAME>LAB CHARGES(REF- BY DR- RASHMI)</LEDGERNAME>
							<REMOVEZEROENTRIES>
								NO
							</REMOVEZEROENTRIES>
							<LEDGERFROMITEM>
								NO
							</LEDGERFROMITEM>
							<ISDEEMEDPOSITIVE>NO</ISDEEMEDPOSITIVE>
							<AMOUNT>2945</AMOUNT>
							</ALLLEDGERENTRIES.LIST><ALLLEDGERENTRIES.LIST>
							<LEDGERNAME>PRO CHARGES (REF- BY DR- RASHMI)</LEDGERNAME>
							<REMOVEZEROENTRIES>
								NO
							</REMOVEZEROENTRIES>
							<LEDGERFROMITEM>
								NO
							</LEDGERFROMITEM>
							<ISDEEMEDPOSITIVE>YES</ISDEEMEDPOSITIVE>
							<AMOUNT>0</AMOUNT>
							</ALLLEDGERENTRIES.LIST><ALLLEDGERENTRIES.LIST>
							<LEDGERNAME>Clinic Pharmacy Sale (REF- BY DR- RASHMI)</LEDGERNAME>
							<REMOVEZEROENTRIES>
								NO
							</REMOVEZEROENTRIES>
							<LEDGERFROMITEM>
								NO
							</LEDGERFROMITEM>
							<ISDEEMEDPOSITIVE>YES</ISDEEMEDPOSITIVE>
							<AMOUNT>0</AMOUNT>
							</ALLLEDGERENTRIES.LIST></VOUCHER>
				</TALLYMESSAGE>
			</REQUESTDATA><REQUESTDATA>
				<TALLYMESSAGE>
					<VOUCHER ACTION="Create" VCHTYPE="Journal">
						<VOUCHERTYPENAME>Journal</VOUCHERTYPENAME>
						<DATE>20240322</DATE>
						<VOUCHERNUMBER>Clinic-A MAR'24-50</VOUCHERNUMBER>
						<PARTYLEDGERNAME>
							Cash2
						</PARTYLEDGERNAME>
						<NARRATION>PRN NO- JHSCR2330 | Name: MRS ARTI RAJAK  | 28/F | Address: KHELGAON   | Contact: 9931526169</NARRATION>
						<EFFECTIVEDATE>20240322</EFFECTIVEDATE>
					<ALLLEDGERENTRIES.LIST>
							<LEDGERNAME>Clinic Patient Dr- Rashmi</LEDGERNAME>
							<REMOVEZEROENTRIES>
								NO
							</REMOVEZEROENTRIES>
							<LEDGERFROMITEM>
								NO
							</LEDGERFROMITEM>
							<ISDEEMEDPOSITIVE>YES</ISDEEMEDPOSITIVE>
							<AMOUNT>-678</AMOUNT>
							</ALLLEDGERENTRIES.LIST><ALLLEDGERENTRIES.LIST>
							<LEDGERNAME>OPD CONSULTANCY FEES(DR- RASHMI)</LEDGERNAME>
							<REMOVEZEROENTRIES>
								NO
							</REMOVEZEROENTRIES>
							<LEDGERFROMITEM>
								NO
							</LEDGERFROMITEM>
							<ISDEEMEDPOSITIVE>NO</ISDEEMEDPOSITIVE>
							<AMOUNT>500</AMOUNT>
							</ALLLEDGERENTRIES.LIST><ALLLEDGERENTRIES.LIST>
							<LEDGERNAME>USG CHARGES (DR- RASHMI)</LEDGERNAME>
							<REMOVEZEROENTRIES>
								NO
							</REMOVEZEROENTRIES>
							<LEDGERFROMITEM>
								NO
							</LEDGERFROMITEM>
							<ISDEEMEDPOSITIVE>YES</ISDEEMEDPOSITIVE>
							<AMOUNT>0</AMOUNT>
							</ALLLEDGERENTRIES.LIST><ALLLEDGERENTRIES.LIST>
							<LEDGERNAME>LAB CHARGES(REF- BY DR- RASHMI)</LEDGERNAME>
							<REMOVEZEROENTRIES>
								NO
							</REMOVEZEROENTRIES>
							<LEDGERFROMITEM>
								NO
							</LEDGERFROMITEM>
							<ISDEEMEDPOSITIVE>YES</ISDEEMEDPOSITIVE>
							<AMOUNT>0</AMOUNT>
							</ALLLEDGERENTRIES.LIST><ALLLEDGERENTRIES.LIST>
							<LEDGERNAME>PRO CHARGES (REF- BY DR- RASHMI)</LEDGERNAME>
							<REMOVEZEROENTRIES>
								NO
							</REMOVEZEROENTRIES>
							<LEDGERFROMITEM>
								NO
							</LEDGERFROMITEM>
							<ISDEEMEDPOSITIVE>YES</ISDEEMEDPOSITIVE>
							<AMOUNT>0</AMOUNT>
							</ALLLEDGERENTRIES.LIST><ALLLEDGERENTRIES.LIST>
							<LEDGERNAME>Clinic Pharmacy Sale (REF- BY DR- RASHMI)</LEDGERNAME>
							<REMOVEZEROENTRIES>
								NO
							</REMOVEZEROENTRIES>
							<LEDGERFROMITEM>
								NO
							</LEDGERFROMITEM>
							<ISDEEMEDPOSITIVE>NO</ISDEEMEDPOSITIVE>
							<AMOUNT>178</AMOUNT>
							</ALLLEDGERENTRIES.LIST></VOUCHER>
				</TALLYMESSAGE>
			</REQUESTDATA><REQUESTDATA>
				<TALLYMESSAGE>
					<VOUCHER ACTION="Create" VCHTYPE="Journal">
						<VOUCHERTYPENAME>Journal</VOUCHERTYPENAME>
						<DATE>20240322</DATE>
						<VOUCHERNUMBER>Clinic-A MAR'24-51</VOUCHERNUMBER>
						<PARTYLEDGERNAME>
							Cash2
						</PARTYLEDGERNAME>
						<NARRATION>PRN NO- JHSCR1279 | Name: MRS SIKHA SINGH  | 29/F | Address: KHELGAON | Contact: 9953743351</NARRATION>
						<EFFECTIVEDATE>20240322</EFFECTIVEDATE>
					<ALLLEDGERENTRIES.LIST>
							<LEDGERNAME>Clinic Patient Dr- Rashmi</LEDGERNAME>
							<REMOVEZEROENTRIES>
								NO
							</REMOVEZEROENTRIES>
							<LEDGERFROMITEM>
								NO
							</LEDGERFROMITEM>
							<ISDEEMEDPOSITIVE>YES</ISDEEMEDPOSITIVE>
							<AMOUNT>-500</AMOUNT>
							</ALLLEDGERENTRIES.LIST><ALLLEDGERENTRIES.LIST>
							<LEDGERNAME>OPD CONSULTANCY FEES(DR- RASHMI)</LEDGERNAME>
							<REMOVEZEROENTRIES>
								NO
							</REMOVEZEROENTRIES>
							<LEDGERFROMITEM>
								NO
							</LEDGERFROMITEM>
							<ISDEEMEDPOSITIVE>NO</ISDEEMEDPOSITIVE>
							<AMOUNT>500</AMOUNT>
							</ALLLEDGERENTRIES.LIST><ALLLEDGERENTRIES.LIST>
							<LEDGERNAME>USG CHARGES (DR- RASHMI)</LEDGERNAME>
							<REMOVEZEROENTRIES>
								NO
							</REMOVEZEROENTRIES>
							<LEDGERFROMITEM>
								NO
							</LEDGERFROMITEM>
							<ISDEEMEDPOSITIVE>YES</ISDEEMEDPOSITIVE>
							<AMOUNT>0</AMOUNT>
							</ALLLEDGERENTRIES.LIST><ALLLEDGERENTRIES.LIST>
							<LEDGERNAME>LAB CHARGES(REF- BY DR- RASHMI)</LEDGERNAME>
							<REMOVEZEROENTRIES>
								NO
							</REMOVEZEROENTRIES>
							<LEDGERFROMITEM>
								NO
							</LEDGERFROMITEM>
							<ISDEEMEDPOSITIVE>YES</ISDEEMEDPOSITIVE>
							<AMOUNT>0</AMOUNT>
							</ALLLEDGERENTRIES.LIST><ALLLEDGERENTRIES.LIST>
							<LEDGERNAME>PRO CHARGES (REF- BY DR- RASHMI)</LEDGERNAME>
							<REMOVEZEROENTRIES>
								NO
							</REMOVEZEROENTRIES>
							<LEDGERFROMITEM>
								NO
							</LEDGERFROMITEM>
							<ISDEEMEDPOSITIVE>YES</ISDEEMEDPOSITIVE>
							<AMOUNT>0</AMOUNT>
							</ALLLEDGERENTRIES.LIST><ALLLEDGERENTRIES.LIST>
							<LEDGERNAME>Clinic Pharmacy Sale (REF- BY DR- RASHMI)</LEDGERNAME>
							<REMOVEZEROENTRIES>
								NO
							</REMOVEZEROENTRIES>
							<LEDGERFROMITEM>
								NO
							</LEDGERFROMITEM>
							<ISDEEMEDPOSITIVE>YES</ISDEEMEDPOSITIVE>
							<AMOUNT>0</AMOUNT>
							</ALLLEDGERENTRIES.LIST></VOUCHER>
				</TALLYMESSAGE>
			</REQUESTDATA><REQUESTDATA>
				<TALLYMESSAGE>
					<VOUCHER ACTION="Create" VCHTYPE="Journal">
						<VOUCHERTYPENAME>Journal</VOUCHERTYPENAME>
						<DATE>20240322</DATE>
						<VOUCHERNUMBER>Clinic-A MAR'24-52</VOUCHERNUMBER>
						<PARTYLEDGERNAME>
							Cash2
						</PARTYLEDGERNAME>
						<NARRATION>PRN NO- JHSCR2165 | Name: MRS PINKI GUPTA  | 35/F | Address: RANCHI | Contact: 6200799772</NARRATION>
						<EFFECTIVEDATE>20240322</EFFECTIVEDATE>
					<ALLLEDGERENTRIES.LIST>
							<LEDGERNAME>Clinic Patient Dr- Rashmi</LEDGERNAME>
							<REMOVEZEROENTRIES>
								NO
							</REMOVEZEROENTRIES>
							<LEDGERFROMITEM>
								NO
							</LEDGERFROMITEM>
							<ISDEEMEDPOSITIVE>YES</ISDEEMEDPOSITIVE>
							<AMOUNT>-46</AMOUNT>
							</ALLLEDGERENTRIES.LIST><ALLLEDGERENTRIES.LIST>
							<LEDGERNAME>OPD CONSULTANCY FEES(DR- RASHMI)</LEDGERNAME>
							<REMOVEZEROENTRIES>
								NO
							</REMOVEZEROENTRIES>
							<LEDGERFROMITEM>
								NO
							</LEDGERFROMITEM>
							<ISDEEMEDPOSITIVE>YES</ISDEEMEDPOSITIVE>
							<AMOUNT>0</AMOUNT>
							</ALLLEDGERENTRIES.LIST><ALLLEDGERENTRIES.LIST>
							<LEDGERNAME>USG CHARGES (DR- RASHMI)</LEDGERNAME>
							<REMOVEZEROENTRIES>
								NO
							</REMOVEZEROENTRIES>
							<LEDGERFROMITEM>
								NO
							</LEDGERFROMITEM>
							<ISDEEMEDPOSITIVE>YES</ISDEEMEDPOSITIVE>
							<AMOUNT>0</AMOUNT>
							</ALLLEDGERENTRIES.LIST><ALLLEDGERENTRIES.LIST>
							<LEDGERNAME>LAB CHARGES(REF- BY DR- RASHMI)</LEDGERNAME>
							<REMOVEZEROENTRIES>
								NO
							</REMOVEZEROENTRIES>
							<LEDGERFROMITEM>
								NO
							</LEDGERFROMITEM>
							<ISDEEMEDPOSITIVE>YES</ISDEEMEDPOSITIVE>
							<AMOUNT>0</AMOUNT>
							</ALLLEDGERENTRIES.LIST><ALLLEDGERENTRIES.LIST>
							<LEDGERNAME>PRO CHARGES (REF- BY DR- RASHMI)</LEDGERNAME>
							<REMOVEZEROENTRIES>
								NO
							</REMOVEZEROENTRIES>
							<LEDGERFROMITEM>
								NO
							</LEDGERFROMITEM>
							<ISDEEMEDPOSITIVE>YES</ISDEEMEDPOSITIVE>
							<AMOUNT>0</AMOUNT>
							</ALLLEDGERENTRIES.LIST><ALLLEDGERENTRIES.LIST>
							<LEDGERNAME>Clinic Pharmacy Sale (REF- BY DR- RASHMI)</LEDGERNAME>
							<REMOVEZEROENTRIES>
								NO
							</REMOVEZEROENTRIES>
							<LEDGERFROMITEM>
								NO
							</LEDGERFROMITEM>
							<ISDEEMEDPOSITIVE>NO</ISDEEMEDPOSITIVE>
							<AMOUNT>46</AMOUNT>
							</ALLLEDGERENTRIES.LIST></VOUCHER>
				</TALLYMESSAGE>
			</REQUESTDATA><REQUESTDATA>
				<TALLYMESSAGE>
					<VOUCHER ACTION="Create" VCHTYPE="Journal">
						<VOUCHERTYPENAME>Journal</VOUCHERTYPENAME>
						<DATE>20240323</DATE>
						<VOUCHERNUMBER>Clinic-A MAR'24-53</VOUCHERNUMBER>
						<PARTYLEDGERNAME>
							Cash2
						</PARTYLEDGERNAME>
						<NARRATION>PRN NO- JHSCR1683 | Name: MRS PRIYA VERMA  | 47/F | Address: DIPATOLI | Contact: 9080875316</NARRATION>
						<EFFECTIVEDATE>20240323</EFFECTIVEDATE>
					<ALLLEDGERENTRIES.LIST>
							<LEDGERNAME>Clinic Patient Dr- Rashmi</LEDGERNAME>
							<REMOVEZEROENTRIES>
								NO
							</REMOVEZEROENTRIES>
							<LEDGERFROMITEM>
								NO
							</LEDGERFROMITEM>
							<ISDEEMEDPOSITIVE>YES</ISDEEMEDPOSITIVE>
							<AMOUNT>-2100</AMOUNT>
							</ALLLEDGERENTRIES.LIST><ALLLEDGERENTRIES.LIST>
							<LEDGERNAME>OPD CONSULTANCY FEES(DR- RASHMI)</LEDGERNAME>
							<REMOVEZEROENTRIES>
								NO
							</REMOVEZEROENTRIES>
							<LEDGERFROMITEM>
								NO
							</LEDGERFROMITEM>
							<ISDEEMEDPOSITIVE>NO</ISDEEMEDPOSITIVE>
							<AMOUNT>500</AMOUNT>
							</ALLLEDGERENTRIES.LIST><ALLLEDGERENTRIES.LIST>
							<LEDGERNAME>USG CHARGES (DR- RASHMI)</LEDGERNAME>
							<REMOVEZEROENTRIES>
								NO
							</REMOVEZEROENTRIES>
							<LEDGERFROMITEM>
								NO
							</LEDGERFROMITEM>
							<ISDEEMEDPOSITIVE>YES</ISDEEMEDPOSITIVE>
							<AMOUNT>0</AMOUNT>
							</ALLLEDGERENTRIES.LIST><ALLLEDGERENTRIES.LIST>
							<LEDGERNAME>LAB CHARGES(REF- BY DR- RASHMI)</LEDGERNAME>
							<REMOVEZEROENTRIES>
								NO
							</REMOVEZEROENTRIES>
							<LEDGERFROMITEM>
								NO
							</LEDGERFROMITEM>
							<ISDEEMEDPOSITIVE>NO</ISDEEMEDPOSITIVE>
							<AMOUNT>1600</AMOUNT>
							</ALLLEDGERENTRIES.LIST><ALLLEDGERENTRIES.LIST>
							<LEDGERNAME>PRO CHARGES (REF- BY DR- RASHMI)</LEDGERNAME>
							<REMOVEZEROENTRIES>
								NO
							</REMOVEZEROENTRIES>
							<LEDGERFROMITEM>
								NO
							</LEDGERFROMITEM>
							<ISDEEMEDPOSITIVE>YES</ISDEEMEDPOSITIVE>
							<AMOUNT>0</AMOUNT>
							</ALLLEDGERENTRIES.LIST><ALLLEDGERENTRIES.LIST>
							<LEDGERNAME>Clinic Pharmacy Sale (REF- BY DR- RASHMI)</LEDGERNAME>
							<REMOVEZEROENTRIES>
								NO
							</REMOVEZEROENTRIES>
							<LEDGERFROMITEM>
								NO
							</LEDGERFROMITEM>
							<ISDEEMEDPOSITIVE>YES</ISDEEMEDPOSITIVE>
							<AMOUNT>0</AMOUNT>
							</ALLLEDGERENTRIES.LIST></VOUCHER>
				</TALLYMESSAGE>
			</REQUESTDATA><REQUESTDATA>
				<TALLYMESSAGE>
					<VOUCHER ACTION="Create" VCHTYPE="Journal">
						<VOUCHERTYPENAME>Journal</VOUCHERTYPENAME>
						<DATE>20240323</DATE>
						<VOUCHERNUMBER>Clinic-A MAR'24-54</VOUCHERNUMBER>
						<PARTYLEDGERNAME>
							Cash2
						</PARTYLEDGERNAME>
						<NARRATION>PRN NO- JHSCR2333 | Name: MISS ASHWINI THAKUR  | 28/F | Address: BARIATU | Contact: 9560300640</NARRATION>
						<EFFECTIVEDATE>20240323</EFFECTIVEDATE>
					<ALLLEDGERENTRIES.LIST>
							<LEDGERNAME>Clinic Patient Dr- Rashmi</LEDGERNAME>
							<REMOVEZEROENTRIES>
								NO
							</REMOVEZEROENTRIES>
							<LEDGERFROMITEM>
								NO
							</LEDGERFROMITEM>
							<ISDEEMEDPOSITIVE>YES</ISDEEMEDPOSITIVE>
							<AMOUNT>-500</AMOUNT>
							</ALLLEDGERENTRIES.LIST><ALLLEDGERENTRIES.LIST>
							<LEDGERNAME>OPD CONSULTANCY FEES(DR- RASHMI)</LEDGERNAME>
							<REMOVEZEROENTRIES>
								NO
							</REMOVEZEROENTRIES>
							<LEDGERFROMITEM>
								NO
							</LEDGERFROMITEM>
							<ISDEEMEDPOSITIVE>NO</ISDEEMEDPOSITIVE>
							<AMOUNT>500</AMOUNT>
							</ALLLEDGERENTRIES.LIST><ALLLEDGERENTRIES.LIST>
							<LEDGERNAME>USG CHARGES (DR- RASHMI)</LEDGERNAME>
							<REMOVEZEROENTRIES>
								NO
							</REMOVEZEROENTRIES>
							<LEDGERFROMITEM>
								NO
							</LEDGERFROMITEM>
							<ISDEEMEDPOSITIVE>YES</ISDEEMEDPOSITIVE>
							<AMOUNT>0</AMOUNT>
							</ALLLEDGERENTRIES.LIST><ALLLEDGERENTRIES.LIST>
							<LEDGERNAME>LAB CHARGES(REF- BY DR- RASHMI)</LEDGERNAME>
							<REMOVEZEROENTRIES>
								NO
							</REMOVEZEROENTRIES>
							<LEDGERFROMITEM>
								NO
							</LEDGERFROMITEM>
							<ISDEEMEDPOSITIVE>YES</ISDEEMEDPOSITIVE>
							<AMOUNT>0</AMOUNT>
							</ALLLEDGERENTRIES.LIST><ALLLEDGERENTRIES.LIST>
							<LEDGERNAME>PRO CHARGES (REF- BY DR- RASHMI)</LEDGERNAME>
							<REMOVEZEROENTRIES>
								NO
							</REMOVEZEROENTRIES>
							<LEDGERFROMITEM>
								NO
							</LEDGERFROMITEM>
							<ISDEEMEDPOSITIVE>YES</ISDEEMEDPOSITIVE>
							<AMOUNT>0</AMOUNT>
							</ALLLEDGERENTRIES.LIST><ALLLEDGERENTRIES.LIST>
							<LEDGERNAME>Clinic Pharmacy Sale (REF- BY DR- RASHMI)</LEDGERNAME>
							<REMOVEZEROENTRIES>
								NO
							</REMOVEZEROENTRIES>
							<LEDGERFROMITEM>
								NO
							</LEDGERFROMITEM>
							<ISDEEMEDPOSITIVE>YES</ISDEEMEDPOSITIVE>
							<AMOUNT>0</AMOUNT>
							</ALLLEDGERENTRIES.LIST></VOUCHER>
				</TALLYMESSAGE>
			</REQUESTDATA><REQUESTDATA>
				<TALLYMESSAGE>
					<VOUCHER ACTION="Create" VCHTYPE="Journal">
						<VOUCHERTYPENAME>Journal</VOUCHERTYPENAME>
						<DATE>20240323</DATE>
						<VOUCHERNUMBER>Clinic-A MAR'24-55</VOUCHERNUMBER>
						<PARTYLEDGERNAME>
							Cash2
						</PARTYLEDGERNAME>
						<NARRATION>PRN NO- JHSCR1351 | Name: MRS SUPRIYA MEHTA  | 35/F | Address: DIPATOLI | Contact: 9608596300</NARRATION>
						<EFFECTIVEDATE>20240323</EFFECTIVEDATE>
					<ALLLEDGERENTRIES.LIST>
							<LEDGERNAME>Clinic Patient Dr- Rashmi</LEDGERNAME>
							<REMOVEZEROENTRIES>
								NO
							</REMOVEZEROENTRIES>
							<LEDGERFROMITEM>
								NO
							</LEDGERFROMITEM>
							<ISDEEMEDPOSITIVE>YES</ISDEEMEDPOSITIVE>
							<AMOUNT>-500</AMOUNT>
							</ALLLEDGERENTRIES.LIST><ALLLEDGERENTRIES.LIST>
							<LEDGERNAME>OPD CONSULTANCY FEES(DR- RASHMI)</LEDGERNAME>
							<REMOVEZEROENTRIES>
								NO
							</REMOVEZEROENTRIES>
							<LEDGERFROMITEM>
								NO
							</LEDGERFROMITEM>
							<ISDEEMEDPOSITIVE>NO</ISDEEMEDPOSITIVE>
							<AMOUNT>500</AMOUNT>
							</ALLLEDGERENTRIES.LIST><ALLLEDGERENTRIES.LIST>
							<LEDGERNAME>USG CHARGES (DR- RASHMI)</LEDGERNAME>
							<REMOVEZEROENTRIES>
								NO
							</REMOVEZEROENTRIES>
							<LEDGERFROMITEM>
								NO
							</LEDGERFROMITEM>
							<ISDEEMEDPOSITIVE>YES</ISDEEMEDPOSITIVE>
							<AMOUNT>0</AMOUNT>
							</ALLLEDGERENTRIES.LIST><ALLLEDGERENTRIES.LIST>
							<LEDGERNAME>LAB CHARGES(REF- BY DR- RASHMI)</LEDGERNAME>
							<REMOVEZEROENTRIES>
								NO
							</REMOVEZEROENTRIES>
							<LEDGERFROMITEM>
								NO
							</LEDGERFROMITEM>
							<ISDEEMEDPOSITIVE>YES</ISDEEMEDPOSITIVE>
							<AMOUNT>0</AMOUNT>
							</ALLLEDGERENTRIES.LIST><ALLLEDGERENTRIES.LIST>
							<LEDGERNAME>PRO CHARGES (REF- BY DR- RASHMI)</LEDGERNAME>
							<REMOVEZEROENTRIES>
								NO
							</REMOVEZEROENTRIES>
							<LEDGERFROMITEM>
								NO
							</LEDGERFROMITEM>
							<ISDEEMEDPOSITIVE>YES</ISDEEMEDPOSITIVE>
							<AMOUNT>0</AMOUNT>
							</ALLLEDGERENTRIES.LIST><ALLLEDGERENTRIES.LIST>
							<LEDGERNAME>Clinic Pharmacy Sale (REF- BY DR- RASHMI)</LEDGERNAME>
							<REMOVEZEROENTRIES>
								NO
							</REMOVEZEROENTRIES>
							<LEDGERFROMITEM>
								NO
							</LEDGERFROMITEM>
							<ISDEEMEDPOSITIVE>YES</ISDEEMEDPOSITIVE>
							<AMOUNT>0</AMOUNT>
							</ALLLEDGERENTRIES.LIST></VOUCHER>
				</TALLYMESSAGE>
			</REQUESTDATA><REQUESTDATA>
				<TALLYMESSAGE>
					<VOUCHER ACTION="Create" VCHTYPE="Journal">
						<VOUCHERTYPENAME>Journal</VOUCHERTYPENAME>
						<DATE>20240327</DATE>
						<VOUCHERNUMBER>Clinic-A MAR'24-56</VOUCHERNUMBER>
						<PARTYLEDGERNAME>
							Cash2
						</PARTYLEDGERNAME>
						<NARRATION>PRN NO- JHSCR2179 | Name: MRS BENCY REJI  | 44/F | Address: JAMSEDPUR | Contact: 6207996634</NARRATION>
						<EFFECTIVEDATE>20240327</EFFECTIVEDATE>
					<ALLLEDGERENTRIES.LIST>
							<LEDGERNAME>Clinic Patient Dr- Rashmi</LEDGERNAME>
							<REMOVEZEROENTRIES>
								NO
							</REMOVEZEROENTRIES>
							<LEDGERFROMITEM>
								NO
							</LEDGERFROMITEM>
							<ISDEEMEDPOSITIVE>YES</ISDEEMEDPOSITIVE>
							<AMOUNT>-565</AMOUNT>
							</ALLLEDGERENTRIES.LIST><ALLLEDGERENTRIES.LIST>
							<LEDGERNAME>OPD CONSULTANCY FEES(DR- RASHMI)</LEDGERNAME>
							<REMOVEZEROENTRIES>
								NO
							</REMOVEZEROENTRIES>
							<LEDGERFROMITEM>
								NO
							</LEDGERFROMITEM>
							<ISDEEMEDPOSITIVE>YES</ISDEEMEDPOSITIVE>
							<AMOUNT>0</AMOUNT>
							</ALLLEDGERENTRIES.LIST><ALLLEDGERENTRIES.LIST>
							<LEDGERNAME>USG CHARGES (DR- RASHMI)</LEDGERNAME>
							<REMOVEZEROENTRIES>
								NO
							</REMOVEZEROENTRIES>
							<LEDGERFROMITEM>
								NO
							</LEDGERFROMITEM>
							<ISDEEMEDPOSITIVE>YES</ISDEEMEDPOSITIVE>
							<AMOUNT>0</AMOUNT>
							</ALLLEDGERENTRIES.LIST><ALLLEDGERENTRIES.LIST>
							<LEDGERNAME>LAB CHARGES(REF- BY DR- RASHMI)</LEDGERNAME>
							<REMOVEZEROENTRIES>
								NO
							</REMOVEZEROENTRIES>
							<LEDGERFROMITEM>
								NO
							</LEDGERFROMITEM>
							<ISDEEMEDPOSITIVE>YES</ISDEEMEDPOSITIVE>
							<AMOUNT>0</AMOUNT>
							</ALLLEDGERENTRIES.LIST><ALLLEDGERENTRIES.LIST>
							<LEDGERNAME>PRO CHARGES (REF- BY DR- RASHMI)</LEDGERNAME>
							<REMOVEZEROENTRIES>
								NO
							</REMOVEZEROENTRIES>
							<LEDGERFROMITEM>
								NO
							</LEDGERFROMITEM>
							<ISDEEMEDPOSITIVE>YES</ISDEEMEDPOSITIVE>
							<AMOUNT>0</AMOUNT>
							</ALLLEDGERENTRIES.LIST><ALLLEDGERENTRIES.LIST>
							<LEDGERNAME>Clinic Pharmacy Sale (REF- BY DR- RASHMI)</LEDGERNAME>
							<REMOVEZEROENTRIES>
								NO
							</REMOVEZEROENTRIES>
							<LEDGERFROMITEM>
								NO
							</LEDGERFROMITEM>
							<ISDEEMEDPOSITIVE>NO</ISDEEMEDPOSITIVE>
							<AMOUNT>565</AMOUNT>
							</ALLLEDGERENTRIES.LIST></VOUCHER>
				</TALLYMESSAGE>
			</REQUESTDATA><REQUESTDATA>
				<TALLYMESSAGE>
					<VOUCHER ACTION="Create" VCHTYPE="Journal">
						<VOUCHERTYPENAME>Journal</VOUCHERTYPENAME>
						<DATE>20240328</DATE>
						<VOUCHERNUMBER>Clinic-A MAR'24-57</VOUCHERNUMBER>
						<PARTYLEDGERNAME>
							Cash2
						</PARTYLEDGERNAME>
						<NARRATION>PRN NO- JHSCR2334 | Name: MRS NISHA KUMARI  | 27/F | Address: TATISILWAI | Contact: 7992393485</NARRATION>
						<EFFECTIVEDATE>20240328</EFFECTIVEDATE>
					<ALLLEDGERENTRIES.LIST>
							<LEDGERNAME>Clinic Patient Dr- Rashmi</LEDGERNAME>
							<REMOVEZEROENTRIES>
								NO
							</REMOVEZEROENTRIES>
							<LEDGERFROMITEM>
								NO
							</LEDGERFROMITEM>
							<ISDEEMEDPOSITIVE>YES</ISDEEMEDPOSITIVE>
							<AMOUNT>-6057</AMOUNT>
							</ALLLEDGERENTRIES.LIST><ALLLEDGERENTRIES.LIST>
							<LEDGERNAME>OPD CONSULTANCY FEES(DR- RASHMI)</LEDGERNAME>
							<REMOVEZEROENTRIES>
								NO
							</REMOVEZEROENTRIES>
							<LEDGERFROMITEM>
								NO
							</LEDGERFROMITEM>
							<ISDEEMEDPOSITIVE>NO</ISDEEMEDPOSITIVE>
							<AMOUNT>500</AMOUNT>
							</ALLLEDGERENTRIES.LIST><ALLLEDGERENTRIES.LIST>
							<LEDGERNAME>USG CHARGES (DR- RASHMI)</LEDGERNAME>
							<REMOVEZEROENTRIES>
								NO
							</REMOVEZEROENTRIES>
							<LEDGERFROMITEM>
								NO
							</LEDGERFROMITEM>
							<ISDEEMEDPOSITIVE>NO</ISDEEMEDPOSITIVE>
							<AMOUNT>1000</AMOUNT>
							</ALLLEDGERENTRIES.LIST><ALLLEDGERENTRIES.LIST>
							<LEDGERNAME>LAB CHARGES(REF- BY DR- RASHMI)</LEDGERNAME>
							<REMOVEZEROENTRIES>
								NO
							</REMOVEZEROENTRIES>
							<LEDGERFROMITEM>
								NO
							</LEDGERFROMITEM>
							<ISDEEMEDPOSITIVE>NO</ISDEEMEDPOSITIVE>
							<AMOUNT>3150</AMOUNT>
							</ALLLEDGERENTRIES.LIST><ALLLEDGERENTRIES.LIST>
							<LEDGERNAME>PRO CHARGES (REF- BY DR- RASHMI)</LEDGERNAME>
							<REMOVEZEROENTRIES>
								NO
							</REMOVEZEROENTRIES>
							<LEDGERFROMITEM>
								NO
							</LEDGERFROMITEM>
							<ISDEEMEDPOSITIVE>YES</ISDEEMEDPOSITIVE>
							<AMOUNT>0</AMOUNT>
							</ALLLEDGERENTRIES.LIST><ALLLEDGERENTRIES.LIST>
							<LEDGERNAME>Clinic Pharmacy Sale (REF- BY DR- RASHMI)</LEDGERNAME>
							<REMOVEZEROENTRIES>
								NO
							</REMOVEZEROENTRIES>
							<LEDGERFROMITEM>
								NO
							</LEDGERFROMITEM>
							<ISDEEMEDPOSITIVE>NO</ISDEEMEDPOSITIVE>
							<AMOUNT>1407</AMOUNT>
							</ALLLEDGERENTRIES.LIST></VOUCHER>
				</TALLYMESSAGE>
			</REQUESTDATA><REQUESTDATA>
				<TALLYMESSAGE>
					<VOUCHER ACTION="Create" VCHTYPE="Journal">
						<VOUCHERTYPENAME>Journal</VOUCHERTYPENAME>
						<DATE>20240328</DATE>
						<VOUCHERNUMBER>Clinic-A MAR'24-58</VOUCHERNUMBER>
						<PARTYLEDGERNAME>
							Cash2
						</PARTYLEDGERNAME>
						<NARRATION>PRN NO- JHSCR1351 | Name: MRS SUPRIYA MEHTA  | 35/F | Address: DIPATOLI | Contact: 9608596300</NARRATION>
						<EFFECTIVEDATE>20240328</EFFECTIVEDATE>
					<ALLLEDGERENTRIES.LIST>
							<LEDGERNAME>Clinic Patient Dr- Rashmi</LEDGERNAME>
							<REMOVEZEROENTRIES>
								NO
							</REMOVEZEROENTRIES>
							<LEDGERFROMITEM>
								NO
							</LEDGERFROMITEM>
							<ISDEEMEDPOSITIVE>YES</ISDEEMEDPOSITIVE>
							<AMOUNT>-97</AMOUNT>
							</ALLLEDGERENTRIES.LIST><ALLLEDGERENTRIES.LIST>
							<LEDGERNAME>OPD CONSULTANCY FEES(DR- RASHMI)</LEDGERNAME>
							<REMOVEZEROENTRIES>
								NO
							</REMOVEZEROENTRIES>
							<LEDGERFROMITEM>
								NO
							</LEDGERFROMITEM>
							<ISDEEMEDPOSITIVE>YES</ISDEEMEDPOSITIVE>
							<AMOUNT>0</AMOUNT>
							</ALLLEDGERENTRIES.LIST><ALLLEDGERENTRIES.LIST>
							<LEDGERNAME>USG CHARGES (DR- RASHMI)</LEDGERNAME>
							<REMOVEZEROENTRIES>
								NO
							</REMOVEZEROENTRIES>
							<LEDGERFROMITEM>
								NO
							</LEDGERFROMITEM>
							<ISDEEMEDPOSITIVE>YES</ISDEEMEDPOSITIVE>
							<AMOUNT>0</AMOUNT>
							</ALLLEDGERENTRIES.LIST><ALLLEDGERENTRIES.LIST>
							<LEDGERNAME>LAB CHARGES(REF- BY DR- RASHMI)</LEDGERNAME>
							<REMOVEZEROENTRIES>
								NO
							</REMOVEZEROENTRIES>
							<LEDGERFROMITEM>
								NO
							</LEDGERFROMITEM>
							<ISDEEMEDPOSITIVE>YES</ISDEEMEDPOSITIVE>
							<AMOUNT>0</AMOUNT>
							</ALLLEDGERENTRIES.LIST><ALLLEDGERENTRIES.LIST>
							<LEDGERNAME>PRO CHARGES (REF- BY DR- RASHMI)</LEDGERNAME>
							<REMOVEZEROENTRIES>
								NO
							</REMOVEZEROENTRIES>
							<LEDGERFROMITEM>
								NO
							</LEDGERFROMITEM>
							<ISDEEMEDPOSITIVE>YES</ISDEEMEDPOSITIVE>
							<AMOUNT>0</AMOUNT>
							</ALLLEDGERENTRIES.LIST><ALLLEDGERENTRIES.LIST>
							<LEDGERNAME>Clinic Pharmacy Sale (REF- BY DR- RASHMI)</LEDGERNAME>
							<REMOVEZEROENTRIES>
								NO
							</REMOVEZEROENTRIES>
							<LEDGERFROMITEM>
								NO
							</LEDGERFROMITEM>
							<ISDEEMEDPOSITIVE>NO</ISDEEMEDPOSITIVE>
							<AMOUNT>97</AMOUNT>
							</ALLLEDGERENTRIES.LIST></VOUCHER>
				</TALLYMESSAGE>
			</REQUESTDATA><REQUESTDATA>
				<TALLYMESSAGE>
					<VOUCHER ACTION="Create" VCHTYPE="Journal">
						<VOUCHERTYPENAME>Journal</VOUCHERTYPENAME>
						<DATE>20240328</DATE>
						<VOUCHERNUMBER>Clinic-A MAR'24-59</VOUCHERNUMBER>
						<PARTYLEDGERNAME>
							Cash2
						</PARTYLEDGERNAME>
						<NARRATION>PRN NO- JHSCR2333 | Name: MISS ASHWINI THAKUR  | 28/F | Address: BARIATU | Contact: 9560300640</NARRATION>
						<EFFECTIVEDATE>20240328</EFFECTIVEDATE>
					<ALLLEDGERENTRIES.LIST>
							<LEDGERNAME>Clinic Patient Dr- Rashmi</LEDGERNAME>
							<REMOVEZEROENTRIES>
								NO
							</REMOVEZEROENTRIES>
							<LEDGERFROMITEM>
								NO
							</LEDGERFROMITEM>
							<ISDEEMEDPOSITIVE>YES</ISDEEMEDPOSITIVE>
							<AMOUNT>-2495</AMOUNT>
							</ALLLEDGERENTRIES.LIST><ALLLEDGERENTRIES.LIST>
							<LEDGERNAME>OPD CONSULTANCY FEES(DR- RASHMI)</LEDGERNAME>
							<REMOVEZEROENTRIES>
								NO
							</REMOVEZEROENTRIES>
							<LEDGERFROMITEM>
								NO
							</LEDGERFROMITEM>
							<ISDEEMEDPOSITIVE>YES</ISDEEMEDPOSITIVE>
							<AMOUNT>0</AMOUNT>
							</ALLLEDGERENTRIES.LIST><ALLLEDGERENTRIES.LIST>
							<LEDGERNAME>USG CHARGES (DR- RASHMI)</LEDGERNAME>
							<REMOVEZEROENTRIES>
								NO
							</REMOVEZEROENTRIES>
							<LEDGERFROMITEM>
								NO
							</LEDGERFROMITEM>
							<ISDEEMEDPOSITIVE>YES</ISDEEMEDPOSITIVE>
							<AMOUNT>0</AMOUNT>
							</ALLLEDGERENTRIES.LIST><ALLLEDGERENTRIES.LIST>
							<LEDGERNAME>LAB CHARGES(REF- BY DR- RASHMI)</LEDGERNAME>
							<REMOVEZEROENTRIES>
								NO
							</REMOVEZEROENTRIES>
							<LEDGERFROMITEM>
								NO
							</LEDGERFROMITEM>
							<ISDEEMEDPOSITIVE>YES</ISDEEMEDPOSITIVE>
							<AMOUNT>0</AMOUNT>
							</ALLLEDGERENTRIES.LIST><ALLLEDGERENTRIES.LIST>
							<LEDGERNAME>PRO CHARGES (REF- BY DR- RASHMI)</LEDGERNAME>
							<REMOVEZEROENTRIES>
								NO
							</REMOVEZEROENTRIES>
							<LEDGERFROMITEM>
								NO
							</LEDGERFROMITEM>
							<ISDEEMEDPOSITIVE>YES</ISDEEMEDPOSITIVE>
							<AMOUNT>0</AMOUNT>
							</ALLLEDGERENTRIES.LIST><ALLLEDGERENTRIES.LIST>
							<LEDGERNAME>Clinic Pharmacy Sale (REF- BY DR- RASHMI)</LEDGERNAME>
							<REMOVEZEROENTRIES>
								NO
							</REMOVEZEROENTRIES>
							<LEDGERFROMITEM>
								NO
							</LEDGERFROMITEM>
							<ISDEEMEDPOSITIVE>NO</ISDEEMEDPOSITIVE>
							<AMOUNT>2495</AMOUNT>
							</ALLLEDGERENTRIES.LIST></VOUCHER>
				</TALLYMESSAGE>
			</REQUESTDATA><REQUESTDATA>
				<TALLYMESSAGE>
					<VOUCHER ACTION="Create" VCHTYPE="Journal">
						<VOUCHERTYPENAME>Journal</VOUCHERTYPENAME>
						<DATE>20240328</DATE>
						<VOUCHERNUMBER>Clinic-A MAR'24-60</VOUCHERNUMBER>
						<PARTYLEDGERNAME>
							Cash2
						</PARTYLEDGERNAME>
						<NARRATION>PRN NO- JHSCR1929 | Name: MRS SYNDHU KUMARI SHARMA  | 27/F | Address: SAINIC COLONY RANCHI | Contact: 8897360735</NARRATION>
						<EFFECTIVEDATE>20240328</EFFECTIVEDATE>
					<ALLLEDGERENTRIES.LIST>
							<LEDGERNAME>Clinic Patient Dr- Rashmi</LEDGERNAME>
							<REMOVEZEROENTRIES>
								NO
							</REMOVEZEROENTRIES>
							<LEDGERFROMITEM>
								NO
							</LEDGERFROMITEM>
							<ISDEEMEDPOSITIVE>YES</ISDEEMEDPOSITIVE>
							<AMOUNT>-6541</AMOUNT>
							</ALLLEDGERENTRIES.LIST><ALLLEDGERENTRIES.LIST>
							<LEDGERNAME>OPD CONSULTANCY FEES(DR- RASHMI)</LEDGERNAME>
							<REMOVEZEROENTRIES>
								NO
							</REMOVEZEROENTRIES>
							<LEDGERFROMITEM>
								NO
							</LEDGERFROMITEM>
							<ISDEEMEDPOSITIVE>NO</ISDEEMEDPOSITIVE>
							<AMOUNT>500</AMOUNT>
							</ALLLEDGERENTRIES.LIST><ALLLEDGERENTRIES.LIST>
							<LEDGERNAME>USG CHARGES (DR- RASHMI)</LEDGERNAME>
							<REMOVEZEROENTRIES>
								NO
							</REMOVEZEROENTRIES>
							<LEDGERFROMITEM>
								NO
							</LEDGERFROMITEM>
							<ISDEEMEDPOSITIVE>YES</ISDEEMEDPOSITIVE>
							<AMOUNT>0</AMOUNT>
							</ALLLEDGERENTRIES.LIST><ALLLEDGERENTRIES.LIST>
							<LEDGERNAME>LAB CHARGES(REF- BY DR- RASHMI)</LEDGERNAME>
							<REMOVEZEROENTRIES>
								NO
							</REMOVEZEROENTRIES>
							<LEDGERFROMITEM>
								NO
							</LEDGERFROMITEM>
							<ISDEEMEDPOSITIVE>NO</ISDEEMEDPOSITIVE>
							<AMOUNT>2200</AMOUNT>
							</ALLLEDGERENTRIES.LIST><ALLLEDGERENTRIES.LIST>
							<LEDGERNAME>PRO CHARGES (REF- BY DR- RASHMI)</LEDGERNAME>
							<REMOVEZEROENTRIES>
								NO
							</REMOVEZEROENTRIES>
							<LEDGERFROMITEM>
								NO
							</LEDGERFROMITEM>
							<ISDEEMEDPOSITIVE>NO</ISDEEMEDPOSITIVE>
							<AMOUNT>70</AMOUNT>
							</ALLLEDGERENTRIES.LIST><ALLLEDGERENTRIES.LIST>
							<LEDGERNAME>Clinic Pharmacy Sale (REF- BY DR- RASHMI)</LEDGERNAME>
							<REMOVEZEROENTRIES>
								NO
							</REMOVEZEROENTRIES>
							<LEDGERFROMITEM>
								NO
							</LEDGERFROMITEM>
							<ISDEEMEDPOSITIVE>NO</ISDEEMEDPOSITIVE>
							<AMOUNT>3771</AMOUNT>
							</ALLLEDGERENTRIES.LIST></VOUCHER>
				</TALLYMESSAGE>
			</REQUESTDATA><REQUESTDATA>
				<TALLYMESSAGE>
					<VOUCHER ACTION="Create" VCHTYPE="Journal">
						<VOUCHERTYPENAME>Journal</VOUCHERTYPENAME>
						<DATE>20240328</DATE>
						<VOUCHERNUMBER>Clinic-A MAR'24-61</VOUCHERNUMBER>
						<PARTYLEDGERNAME>
							Cash2
						</PARTYLEDGERNAME>
						<NARRATION>PRN NO- JHSCR2329 | Name: MRS RITU SIKARWAR  | 32/F | Address: KHELGAON HOUSING COLONY | Contact: 9713130090</NARRATION>
						<EFFECTIVEDATE>20240328</EFFECTIVEDATE>
					<ALLLEDGERENTRIES.LIST>
							<LEDGERNAME>Clinic Patient Dr- Rashmi</LEDGERNAME>
							<REMOVEZEROENTRIES>
								NO
							</REMOVEZEROENTRIES>
							<LEDGERFROMITEM>
								NO
							</LEDGERFROMITEM>
							<ISDEEMEDPOSITIVE>YES</ISDEEMEDPOSITIVE>
							<AMOUNT>-700</AMOUNT>
							</ALLLEDGERENTRIES.LIST><ALLLEDGERENTRIES.LIST>
							<LEDGERNAME>OPD CONSULTANCY FEES(DR- RASHMI)</LEDGERNAME>
							<REMOVEZEROENTRIES>
								NO
							</REMOVEZEROENTRIES>
							<LEDGERFROMITEM>
								NO
							</LEDGERFROMITEM>
							<ISDEEMEDPOSITIVE>YES</ISDEEMEDPOSITIVE>
							<AMOUNT>0</AMOUNT>
							</ALLLEDGERENTRIES.LIST><ALLLEDGERENTRIES.LIST>
							<LEDGERNAME>USG CHARGES (DR- RASHMI)</LEDGERNAME>
							<REMOVEZEROENTRIES>
								NO
							</REMOVEZEROENTRIES>
							<LEDGERFROMITEM>
								NO
							</LEDGERFROMITEM>
							<ISDEEMEDPOSITIVE>YES</ISDEEMEDPOSITIVE>
							<AMOUNT>0</AMOUNT>
							</ALLLEDGERENTRIES.LIST><ALLLEDGERENTRIES.LIST>
							<LEDGERNAME>LAB CHARGES(REF- BY DR- RASHMI)</LEDGERNAME>
							<REMOVEZEROENTRIES>
								NO
							</REMOVEZEROENTRIES>
							<LEDGERFROMITEM>
								NO
							</LEDGERFROMITEM>
							<ISDEEMEDPOSITIVE>NO</ISDEEMEDPOSITIVE>
							<AMOUNT>700</AMOUNT>
							</ALLLEDGERENTRIES.LIST><ALLLEDGERENTRIES.LIST>
							<LEDGERNAME>PRO CHARGES (REF- BY DR- RASHMI)</LEDGERNAME>
							<REMOVEZEROENTRIES>
								NO
							</REMOVEZEROENTRIES>
							<LEDGERFROMITEM>
								NO
							</LEDGERFROMITEM>
							<ISDEEMEDPOSITIVE>YES</ISDEEMEDPOSITIVE>
							<AMOUNT>0</AMOUNT>
							</ALLLEDGERENTRIES.LIST><ALLLEDGERENTRIES.LIST>
							<LEDGERNAME>Clinic Pharmacy Sale (REF- BY DR- RASHMI)</LEDGERNAME>
							<REMOVEZEROENTRIES>
								NO
							</REMOVEZEROENTRIES>
							<LEDGERFROMITEM>
								NO
							</LEDGERFROMITEM>
							<ISDEEMEDPOSITIVE>YES</ISDEEMEDPOSITIVE>
							<AMOUNT>0</AMOUNT>
							</ALLLEDGERENTRIES.LIST></VOUCHER>
				</TALLYMESSAGE>
			</REQUESTDATA><REQUESTDATA>
				<TALLYMESSAGE>
					<VOUCHER ACTION="Create" VCHTYPE="Journal">
						<VOUCHERTYPENAME>Journal</VOUCHERTYPENAME>
						<DATE>20240328</DATE>
						<VOUCHERNUMBER>Clinic-A MAR'24-62</VOUCHERNUMBER>
						<PARTYLEDGERNAME>
							Cash2
						</PARTYLEDGERNAME>
						<NARRATION>PRN NO- JHSCR2019 | Name: MRS POONAM  KUMARI  | 26/F | Address: KOKAR | Contact: 9142540479</NARRATION>
						<EFFECTIVEDATE>20240328</EFFECTIVEDATE>
					<ALLLEDGERENTRIES.LIST>
							<LEDGERNAME>Clinic Patient Dr- Rashmi</LEDGERNAME>
							<REMOVEZEROENTRIES>
								NO
							</REMOVEZEROENTRIES>
							<LEDGERFROMITEM>
								NO
							</LEDGERFROMITEM>
							<ISDEEMEDPOSITIVE>YES</ISDEEMEDPOSITIVE>
							<AMOUNT>-1746</AMOUNT>
							</ALLLEDGERENTRIES.LIST><ALLLEDGERENTRIES.LIST>
							<LEDGERNAME>OPD CONSULTANCY FEES(DR- RASHMI)</LEDGERNAME>
							<REMOVEZEROENTRIES>
								NO
							</REMOVEZEROENTRIES>
							<LEDGERFROMITEM>
								NO
							</LEDGERFROMITEM>
							<ISDEEMEDPOSITIVE>NO</ISDEEMEDPOSITIVE>
							<AMOUNT>500</AMOUNT>
							</ALLLEDGERENTRIES.LIST><ALLLEDGERENTRIES.LIST>
							<LEDGERNAME>USG CHARGES (DR- RASHMI)</LEDGERNAME>
							<REMOVEZEROENTRIES>
								NO
							</REMOVEZEROENTRIES>
							<LEDGERFROMITEM>
								NO
							</LEDGERFROMITEM>
							<ISDEEMEDPOSITIVE>NO</ISDEEMEDPOSITIVE>
							<AMOUNT>1000</AMOUNT>
							</ALLLEDGERENTRIES.LIST><ALLLEDGERENTRIES.LIST>
							<LEDGERNAME>LAB CHARGES(REF- BY DR- RASHMI)</LEDGERNAME>
							<REMOVEZEROENTRIES>
								NO
							</REMOVEZEROENTRIES>
							<LEDGERFROMITEM>
								NO
							</LEDGERFROMITEM>
							<ISDEEMEDPOSITIVE>YES</ISDEEMEDPOSITIVE>
							<AMOUNT>0</AMOUNT>
							</ALLLEDGERENTRIES.LIST><ALLLEDGERENTRIES.LIST>
							<LEDGERNAME>PRO CHARGES (REF- BY DR- RASHMI)</LEDGERNAME>
							<REMOVEZEROENTRIES>
								NO
							</REMOVEZEROENTRIES>
							<LEDGERFROMITEM>
								NO
							</LEDGERFROMITEM>
							<ISDEEMEDPOSITIVE>YES</ISDEEMEDPOSITIVE>
							<AMOUNT>0</AMOUNT>
							</ALLLEDGERENTRIES.LIST><ALLLEDGERENTRIES.LIST>
							<LEDGERNAME>Clinic Pharmacy Sale (REF- BY DR- RASHMI)</LEDGERNAME>
							<REMOVEZEROENTRIES>
								NO
							</REMOVEZEROENTRIES>
							<LEDGERFROMITEM>
								NO
							</LEDGERFROMITEM>
							<ISDEEMEDPOSITIVE>NO</ISDEEMEDPOSITIVE>
							<AMOUNT>246</AMOUNT>
							</ALLLEDGERENTRIES.LIST></VOUCHER>
				</TALLYMESSAGE>
			</REQUESTDATA><REQUESTDATA>
				<TALLYMESSAGE>
					<VOUCHER ACTION="Create" VCHTYPE="Journal">
						<VOUCHERTYPENAME>Journal</VOUCHERTYPENAME>
						<DATE>20240328</DATE>
						<VOUCHERNUMBER>Clinic-A MAR'24-63</VOUCHERNUMBER>
						<PARTYLEDGERNAME>
							Cash2
						</PARTYLEDGERNAME>
						<NARRATION>PRN NO- JHSCR1563 | Name: MRS JUHI  | 30/F | Address: KOKAR | Contact: 7717784216</NARRATION>
						<EFFECTIVEDATE>20240328</EFFECTIVEDATE>
					<ALLLEDGERENTRIES.LIST>
							<LEDGERNAME>Clinic Patient Dr- Rashmi</LEDGERNAME>
							<REMOVEZEROENTRIES>
								NO
							</REMOVEZEROENTRIES>
							<LEDGERFROMITEM>
								NO
							</LEDGERFROMITEM>
							<ISDEEMEDPOSITIVE>YES</ISDEEMEDPOSITIVE>
							<AMOUNT>-4227</AMOUNT>
							</ALLLEDGERENTRIES.LIST><ALLLEDGERENTRIES.LIST>
							<LEDGERNAME>OPD CONSULTANCY FEES(DR- RASHMI)</LEDGERNAME>
							<REMOVEZEROENTRIES>
								NO
							</REMOVEZEROENTRIES>
							<LEDGERFROMITEM>
								NO
							</LEDGERFROMITEM>
							<ISDEEMEDPOSITIVE>NO</ISDEEMEDPOSITIVE>
							<AMOUNT>500</AMOUNT>
							</ALLLEDGERENTRIES.LIST><ALLLEDGERENTRIES.LIST>
							<LEDGERNAME>USG CHARGES (DR- RASHMI)</LEDGERNAME>
							<REMOVEZEROENTRIES>
								NO
							</REMOVEZEROENTRIES>
							<LEDGERFROMITEM>
								NO
							</LEDGERFROMITEM>
							<ISDEEMEDPOSITIVE>YES</ISDEEMEDPOSITIVE>
							<AMOUNT>0</AMOUNT>
							</ALLLEDGERENTRIES.LIST><ALLLEDGERENTRIES.LIST>
							<LEDGERNAME>LAB CHARGES(REF- BY DR- RASHMI)</LEDGERNAME>
							<REMOVEZEROENTRIES>
								NO
							</REMOVEZEROENTRIES>
							<LEDGERFROMITEM>
								NO
							</LEDGERFROMITEM>
							<ISDEEMEDPOSITIVE>NO</ISDEEMEDPOSITIVE>
							<AMOUNT>3600</AMOUNT>
							</ALLLEDGERENTRIES.LIST><ALLLEDGERENTRIES.LIST>
							<LEDGERNAME>PRO CHARGES (REF- BY DR- RASHMI)</LEDGERNAME>
							<REMOVEZEROENTRIES>
								NO
							</REMOVEZEROENTRIES>
							<LEDGERFROMITEM>
								NO
							</LEDGERFROMITEM>
							<ISDEEMEDPOSITIVE>YES</ISDEEMEDPOSITIVE>
							<AMOUNT>0</AMOUNT>
							</ALLLEDGERENTRIES.LIST><ALLLEDGERENTRIES.LIST>
							<LEDGERNAME>Clinic Pharmacy Sale (REF- BY DR- RASHMI)</LEDGERNAME>
							<REMOVEZEROENTRIES>
								NO
							</REMOVEZEROENTRIES>
							<LEDGERFROMITEM>
								NO
							</LEDGERFROMITEM>
							<ISDEEMEDPOSITIVE>NO</ISDEEMEDPOSITIVE>
							<AMOUNT>127</AMOUNT>
							</ALLLEDGERENTRIES.LIST></VOUCHER>
				</TALLYMESSAGE>
			</REQUESTDATA><REQUESTDATA>
				<TALLYMESSAGE>
					<VOUCHER ACTION="Create" VCHTYPE="Journal">
						<VOUCHERTYPENAME>Journal</VOUCHERTYPENAME>
						<DATE>20240328</DATE>
						<VOUCHERNUMBER>Clinic-A MAR'24-64</VOUCHERNUMBER>
						<PARTYLEDGERNAME>
							Cash2
						</PARTYLEDGERNAME>
						<NARRATION>PRN NO- JHSCR2328 | Name: MRS SAMIMA KHATOON  | 80/F | Address: KANTATOLI | Contact: 7389896322</NARRATION>
						<EFFECTIVEDATE>20240328</EFFECTIVEDATE>
					<ALLLEDGERENTRIES.LIST>
							<LEDGERNAME>Clinic Patient Dr- Rashmi</LEDGERNAME>
							<REMOVEZEROENTRIES>
								NO
							</REMOVEZEROENTRIES>
							<LEDGERFROMITEM>
								NO
							</LEDGERFROMITEM>
							<ISDEEMEDPOSITIVE>YES</ISDEEMEDPOSITIVE>
							<AMOUNT>-252</AMOUNT>
							</ALLLEDGERENTRIES.LIST><ALLLEDGERENTRIES.LIST>
							<LEDGERNAME>OPD CONSULTANCY FEES(DR- RASHMI)</LEDGERNAME>
							<REMOVEZEROENTRIES>
								NO
							</REMOVEZEROENTRIES>
							<LEDGERFROMITEM>
								NO
							</LEDGERFROMITEM>
							<ISDEEMEDPOSITIVE>YES</ISDEEMEDPOSITIVE>
							<AMOUNT>0</AMOUNT>
							</ALLLEDGERENTRIES.LIST><ALLLEDGERENTRIES.LIST>
							<LEDGERNAME>USG CHARGES (DR- RASHMI)</LEDGERNAME>
							<REMOVEZEROENTRIES>
								NO
							</REMOVEZEROENTRIES>
							<LEDGERFROMITEM>
								NO
							</LEDGERFROMITEM>
							<ISDEEMEDPOSITIVE>YES</ISDEEMEDPOSITIVE>
							<AMOUNT>0</AMOUNT>
							</ALLLEDGERENTRIES.LIST><ALLLEDGERENTRIES.LIST>
							<LEDGERNAME>LAB CHARGES(REF- BY DR- RASHMI)</LEDGERNAME>
							<REMOVEZEROENTRIES>
								NO
							</REMOVEZEROENTRIES>
							<LEDGERFROMITEM>
								NO
							</LEDGERFROMITEM>
							<ISDEEMEDPOSITIVE>YES</ISDEEMEDPOSITIVE>
							<AMOUNT>0</AMOUNT>
							</ALLLEDGERENTRIES.LIST><ALLLEDGERENTRIES.LIST>
							<LEDGERNAME>PRO CHARGES (REF- BY DR- RASHMI)</LEDGERNAME>
							<REMOVEZEROENTRIES>
								NO
							</REMOVEZEROENTRIES>
							<LEDGERFROMITEM>
								NO
							</LEDGERFROMITEM>
							<ISDEEMEDPOSITIVE>YES</ISDEEMEDPOSITIVE>
							<AMOUNT>0</AMOUNT>
							</ALLLEDGERENTRIES.LIST><ALLLEDGERENTRIES.LIST>
							<LEDGERNAME>Clinic Pharmacy Sale (REF- BY DR- RASHMI)</LEDGERNAME>
							<REMOVEZEROENTRIES>
								NO
							</REMOVEZEROENTRIES>
							<LEDGERFROMITEM>
								NO
							</LEDGERFROMITEM>
							<ISDEEMEDPOSITIVE>NO</ISDEEMEDPOSITIVE>
							<AMOUNT>252</AMOUNT>
							</ALLLEDGERENTRIES.LIST></VOUCHER>
				</TALLYMESSAGE>
			</REQUESTDATA><REQUESTDATA>
				<TALLYMESSAGE>
					<VOUCHER ACTION="Create" VCHTYPE="Journal">
						<VOUCHERTYPENAME>Journal</VOUCHERTYPENAME>
						<DATE>20240329</DATE>
						<VOUCHERNUMBER>Clinic-A MAR'24-65</VOUCHERNUMBER>
						<PARTYLEDGERNAME>
							Cash2
						</PARTYLEDGERNAME>
						<NARRATION>PRN NO- JHSCR2335 | Name: MRS TANUJA UTTARE  | 23/F | Address: SAINIC COLONY DIPATOLI | Contact: 9149639043</NARRATION>
						<EFFECTIVEDATE>20240329</EFFECTIVEDATE>
					<ALLLEDGERENTRIES.LIST>
							<LEDGERNAME>Clinic Patient Dr- Rashmi</LEDGERNAME>
							<REMOVEZEROENTRIES>
								NO
							</REMOVEZEROENTRIES>
							<LEDGERFROMITEM>
								NO
							</LEDGERFROMITEM>
							<ISDEEMEDPOSITIVE>YES</ISDEEMEDPOSITIVE>
							<AMOUNT>-500</AMOUNT>
							</ALLLEDGERENTRIES.LIST><ALLLEDGERENTRIES.LIST>
							<LEDGERNAME>OPD CONSULTANCY FEES(DR- RASHMI)</LEDGERNAME>
							<REMOVEZEROENTRIES>
								NO
							</REMOVEZEROENTRIES>
							<LEDGERFROMITEM>
								NO
							</LEDGERFROMITEM>
							<ISDEEMEDPOSITIVE>NO</ISDEEMEDPOSITIVE>
							<AMOUNT>500</AMOUNT>
							</ALLLEDGERENTRIES.LIST><ALLLEDGERENTRIES.LIST>
							<LEDGERNAME>USG CHARGES (DR- RASHMI)</LEDGERNAME>
							<REMOVEZEROENTRIES>
								NO
							</REMOVEZEROENTRIES>
							<LEDGERFROMITEM>
								NO
							</LEDGERFROMITEM>
							<ISDEEMEDPOSITIVE>YES</ISDEEMEDPOSITIVE>
							<AMOUNT>0</AMOUNT>
							</ALLLEDGERENTRIES.LIST><ALLLEDGERENTRIES.LIST>
							<LEDGERNAME>LAB CHARGES(REF- BY DR- RASHMI)</LEDGERNAME>
							<REMOVEZEROENTRIES>
								NO
							</REMOVEZEROENTRIES>
							<LEDGERFROMITEM>
								NO
							</LEDGERFROMITEM>
							<ISDEEMEDPOSITIVE>YES</ISDEEMEDPOSITIVE>
							<AMOUNT>0</AMOUNT>
							</ALLLEDGERENTRIES.LIST><ALLLEDGERENTRIES.LIST>
							<LEDGERNAME>PRO CHARGES (REF- BY DR- RASHMI)</LEDGERNAME>
							<REMOVEZEROENTRIES>
								NO
							</REMOVEZEROENTRIES>
							<LEDGERFROMITEM>
								NO
							</LEDGERFROMITEM>
							<ISDEEMEDPOSITIVE>YES</ISDEEMEDPOSITIVE>
							<AMOUNT>0</AMOUNT>
							</ALLLEDGERENTRIES.LIST><ALLLEDGERENTRIES.LIST>
							<LEDGERNAME>Clinic Pharmacy Sale (REF- BY DR- RASHMI)</LEDGERNAME>
							<REMOVEZEROENTRIES>
								NO
							</REMOVEZEROENTRIES>
							<LEDGERFROMITEM>
								NO
							</LEDGERFROMITEM>
							<ISDEEMEDPOSITIVE>YES</ISDEEMEDPOSITIVE>
							<AMOUNT>0</AMOUNT>
							</ALLLEDGERENTRIES.LIST></VOUCHER>
				</TALLYMESSAGE>
			</REQUESTDATA><REQUESTDATA>
				<TALLYMESSAGE>
					<VOUCHER ACTION="Create" VCHTYPE="Journal">
						<VOUCHERTYPENAME>Journal</VOUCHERTYPENAME>
						<DATE>20240329</DATE>
						<VOUCHERNUMBER>Clinic-A MAR'24-66</VOUCHERNUMBER>
						<PARTYLEDGERNAME>
							Cash2
						</PARTYLEDGERNAME>
						<NARRATION>PRN NO- JHSCR2329 | Name: MRS RITU SIKARWAR  | 32/F | Address: KHELGAON HOUSING COLONY | Contact: 9713130090</NARRATION>
						<EFFECTIVEDATE>20240329</EFFECTIVEDATE>
					<ALLLEDGERENTRIES.LIST>
							<LEDGERNAME>Clinic Patient Dr- Rashmi</LEDGERNAME>
							<REMOVEZEROENTRIES>
								NO
							</REMOVEZEROENTRIES>
							<LEDGERFROMITEM>
								NO
							</LEDGERFROMITEM>
							<ISDEEMEDPOSITIVE>YES</ISDEEMEDPOSITIVE>
							<AMOUNT>-500</AMOUNT>
							</ALLLEDGERENTRIES.LIST><ALLLEDGERENTRIES.LIST>
							<LEDGERNAME>OPD CONSULTANCY FEES(DR- RASHMI)</LEDGERNAME>
							<REMOVEZEROENTRIES>
								NO
							</REMOVEZEROENTRIES>
							<LEDGERFROMITEM>
								NO
							</LEDGERFROMITEM>
							<ISDEEMEDPOSITIVE>NO</ISDEEMEDPOSITIVE>
							<AMOUNT>500</AMOUNT>
							</ALLLEDGERENTRIES.LIST><ALLLEDGERENTRIES.LIST>
							<LEDGERNAME>USG CHARGES (DR- RASHMI)</LEDGERNAME>
							<REMOVEZEROENTRIES>
								NO
							</REMOVEZEROENTRIES>
							<LEDGERFROMITEM>
								NO
							</LEDGERFROMITEM>
							<ISDEEMEDPOSITIVE>YES</ISDEEMEDPOSITIVE>
							<AMOUNT>0</AMOUNT>
							</ALLLEDGERENTRIES.LIST><ALLLEDGERENTRIES.LIST>
							<LEDGERNAME>LAB CHARGES(REF- BY DR- RASHMI)</LEDGERNAME>
							<REMOVEZEROENTRIES>
								NO
							</REMOVEZEROENTRIES>
							<LEDGERFROMITEM>
								NO
							</LEDGERFROMITEM>
							<ISDEEMEDPOSITIVE>YES</ISDEEMEDPOSITIVE>
							<AMOUNT>0</AMOUNT>
							</ALLLEDGERENTRIES.LIST><ALLLEDGERENTRIES.LIST>
							<LEDGERNAME>PRO CHARGES (REF- BY DR- RASHMI)</LEDGERNAME>
							<REMOVEZEROENTRIES>
								NO
							</REMOVEZEROENTRIES>
							<LEDGERFROMITEM>
								NO
							</LEDGERFROMITEM>
							<ISDEEMEDPOSITIVE>YES</ISDEEMEDPOSITIVE>
							<AMOUNT>0</AMOUNT>
							</ALLLEDGERENTRIES.LIST><ALLLEDGERENTRIES.LIST>
							<LEDGERNAME>Clinic Pharmacy Sale (REF- BY DR- RASHMI)</LEDGERNAME>
							<REMOVEZEROENTRIES>
								NO
							</REMOVEZEROENTRIES>
							<LEDGERFROMITEM>
								NO
							</LEDGERFROMITEM>
							<ISDEEMEDPOSITIVE>YES</ISDEEMEDPOSITIVE>
							<AMOUNT>0</AMOUNT>
							</ALLLEDGERENTRIES.LIST></VOUCHER>
				</TALLYMESSAGE>
			</REQUESTDATA><REQUESTDATA>
				<TALLYMESSAGE>
					<VOUCHER ACTION="Create" VCHTYPE="Journal">
						<VOUCHERTYPENAME>Journal</VOUCHERTYPENAME>
						<DATE>20240329</DATE>
						<VOUCHERNUMBER>Clinic-A MAR'24-67</VOUCHERNUMBER>
						<PARTYLEDGERNAME>
							Cash2
						</PARTYLEDGERNAME>
						<NARRATION>PRN NO- JHSCR2191 | Name: MRS SONI KUMARI  | 25/F | Address: KANKE  ROAD RANCHI | Contact: 7717707252</NARRATION>
						<EFFECTIVEDATE>20240329</EFFECTIVEDATE>
					<ALLLEDGERENTRIES.LIST>
							<LEDGERNAME>Clinic Patient Dr- Rashmi</LEDGERNAME>
							<REMOVEZEROENTRIES>
								NO
							</REMOVEZEROENTRIES>
							<LEDGERFROMITEM>
								NO
							</LEDGERFROMITEM>
							<ISDEEMEDPOSITIVE>YES</ISDEEMEDPOSITIVE>
							<AMOUNT>-1500</AMOUNT>
							</ALLLEDGERENTRIES.LIST><ALLLEDGERENTRIES.LIST>
							<LEDGERNAME>OPD CONSULTANCY FEES(DR- RASHMI)</LEDGERNAME>
							<REMOVEZEROENTRIES>
								NO
							</REMOVEZEROENTRIES>
							<LEDGERFROMITEM>
								NO
							</LEDGERFROMITEM>
							<ISDEEMEDPOSITIVE>NO</ISDEEMEDPOSITIVE>
							<AMOUNT>500</AMOUNT>
							</ALLLEDGERENTRIES.LIST><ALLLEDGERENTRIES.LIST>
							<LEDGERNAME>USG CHARGES (DR- RASHMI)</LEDGERNAME>
							<REMOVEZEROENTRIES>
								NO
							</REMOVEZEROENTRIES>
							<LEDGERFROMITEM>
								NO
							</LEDGERFROMITEM>
							<ISDEEMEDPOSITIVE>NO</ISDEEMEDPOSITIVE>
							<AMOUNT>1000</AMOUNT>
							</ALLLEDGERENTRIES.LIST><ALLLEDGERENTRIES.LIST>
							<LEDGERNAME>LAB CHARGES(REF- BY DR- RASHMI)</LEDGERNAME>
							<REMOVEZEROENTRIES>
								NO
							</REMOVEZEROENTRIES>
							<LEDGERFROMITEM>
								NO
							</LEDGERFROMITEM>
							<ISDEEMEDPOSITIVE>YES</ISDEEMEDPOSITIVE>
							<AMOUNT>0</AMOUNT>
							</ALLLEDGERENTRIES.LIST><ALLLEDGERENTRIES.LIST>
							<LEDGERNAME>PRO CHARGES (REF- BY DR- RASHMI)</LEDGERNAME>
							<REMOVEZEROENTRIES>
								NO
							</REMOVEZEROENTRIES>
							<LEDGERFROMITEM>
								NO
							</LEDGERFROMITEM>
							<ISDEEMEDPOSITIVE>YES</ISDEEMEDPOSITIVE>
							<AMOUNT>0</AMOUNT>
							</ALLLEDGERENTRIES.LIST><ALLLEDGERENTRIES.LIST>
							<LEDGERNAME>Clinic Pharmacy Sale (REF- BY DR- RASHMI)</LEDGERNAME>
							<REMOVEZEROENTRIES>
								NO
							</REMOVEZEROENTRIES>
							<LEDGERFROMITEM>
								NO
							</LEDGERFROMITEM>
							<ISDEEMEDPOSITIVE>YES</ISDEEMEDPOSITIVE>
							<AMOUNT>0</AMOUNT>
							</ALLLEDGERENTRIES.LIST></VOUCHER>
				</TALLYMESSAGE>
			</REQUESTDATA><REQUESTDATA>
				<TALLYMESSAGE>
					<VOUCHER ACTION="Create" VCHTYPE="Journal">
						<VOUCHERTYPENAME>Journal</VOUCHERTYPENAME>
						<DATE>20240308</DATE>
						<VOUCHERNUMBER>Return Clinic-A MAR'24-1</VOUCHERNUMBER>
						<PARTYLEDGERNAME>
							Cash2
						</PARTYLEDGERNAME>
						<NARRATION>PRN NO- JHSCR1935 | Name: MRS KUMARI DIVYA SINGH  | 32/F | Address: KANTHITAD | Contact: 9546732337</NARRATION>
						<EFFECTIVEDATE>20240308</EFFECTIVEDATE>
					<ALLLEDGERENTRIES.LIST>
							<LEDGERNAME>Clinic Patient Dr- Rashmi</LEDGERNAME>
							<REMOVEZEROENTRIES>
								NO
							</REMOVEZEROENTRIES>
							<LEDGERFROMITEM>
								NO
							</LEDGERFROMITEM>
							<ISDEEMEDPOSITIVE>NO</ISDEEMEDPOSITIVE>
							<AMOUNT>174</AMOUNT>
							</ALLLEDGERENTRIES.LIST><ALLLEDGERENTRIES.LIST>
							<LEDGERNAME>OPD CONSULTANCY FEES(DR- RASHMI)</LEDGERNAME>
							<REMOVEZEROENTRIES>
								NO
							</REMOVEZEROENTRIES>
							<LEDGERFROMITEM>
								NO
							</LEDGERFROMITEM>
							<ISDEEMEDPOSITIVE>YES</ISDEEMEDPOSITIVE>
							<AMOUNT>0</AMOUNT>
							</ALLLEDGERENTRIES.LIST><ALLLEDGERENTRIES.LIST>
							<LEDGERNAME>USG CHARGES (DR- RASHMI)</LEDGERNAME>
							<REMOVEZEROENTRIES>
								NO
							</REMOVEZEROENTRIES>
							<LEDGERFROMITEM>
								NO
							</LEDGERFROMITEM>
							<ISDEEMEDPOSITIVE>YES</ISDEEMEDPOSITIVE>
							<AMOUNT>0</AMOUNT>
							</ALLLEDGERENTRIES.LIST><ALLLEDGERENTRIES.LIST>
							<LEDGERNAME>LAB CHARGES(REF- BY DR- RASHMI)</LEDGERNAME>
							<REMOVEZEROENTRIES>
								NO
							</REMOVEZEROENTRIES>
							<LEDGERFROMITEM>
								NO
							</LEDGERFROMITEM>
							<ISDEEMEDPOSITIVE>YES</ISDEEMEDPOSITIVE>
							<AMOUNT>0</AMOUNT>
							</ALLLEDGERENTRIES.LIST><ALLLEDGERENTRIES.LIST>
							<LEDGERNAME>PRO CHARGES (REF- BY DR- RASHMI)</LEDGERNAME>
							<REMOVEZEROENTRIES>
								NO
							</REMOVEZEROENTRIES>
							<LEDGERFROMITEM>
								NO
							</LEDGERFROMITEM>
							<ISDEEMEDPOSITIVE>YES</ISDEEMEDPOSITIVE>
							<AMOUNT>0</AMOUNT>
							</ALLLEDGERENTRIES.LIST><ALLLEDGERENTRIES.LIST>
							<LEDGERNAME>Clinic Pharmacy Sale (REF- BY DR- RASHMI)</LEDGERNAME>
							<REMOVEZEROENTRIES>
								NO
							</REMOVEZEROENTRIES>
							<LEDGERFROMITEM>
								NO
							</LEDGERFROMITEM>
							<ISDEEMEDPOSITIVE>YES</ISDEEMEDPOSITIVE>
							<AMOUNT>-174</AMOUNT>
							</ALLLEDGERENTRIES.LIST></VOUCHER>
				</TALLYMESSAGE>
			</REQUESTDATA></IMPORTDATA>
	</BODY>
</ENVELOPE>