<ALLLEDGERENTRIES.LIST>
							<LEDGERNAME>Clinic Pharmacy Sale Daltonganj  (REF. BY DR. ANUPAM)</LEDGERNAME>
							<REMOVEZEROENTRIES>
								NO
							</REMOVEZEROENTRIES>
							<LEDGERFROMITEM>
								NO
							</LEDGERFROMITEM>
							<ISDEEMEDPOSITIVE>NO</ISDEEMEDPOSITIVE>
							<AMOUNT>661.48</AMOUNT>
							</ALLLEDGERENTRIES.LIST>