<ALLLEDGERENTRIES.LIST>
							<LEDGERNAME>Output SGST %</LEDGERNAME>
							<REMOVEZEROENTRIES>
								NO
							</REMOVEZEROENTRIES>
							<LEDGERFROMITEM>
								NO
							</LEDGERFROMITEM>
							<ISDEEMEDPOSITIVE>YES</ISDEEMEDPOSITIVE>
							<AMOUNT>-14.46</AMOUNT>
							</ALLLEDGERENTRIES.LIST>