<ALLLEDGERENTRIES.LIST>
							<LEDGERNAME>Output SGST %</LEDGERNAME>
							<REMOVEZEROENTRIES>
								NO
							</REMOVEZEROENTRIES>
							<LEDGERFROMITEM>
								NO
							</LEDGERFROMITEM>
							<ISDEEMEDPOSITIVE>NO</ISDEEMEDPOSITIVE>
							<AMOUNT>1.79</AMOUNT>
							</ALLLEDGERENTRIES.LIST>