<ALLLEDGERENTRIES.LIST>
							<LEDGERNAME>Output CGST %</LEDGERNAME>
							<REMOVEZEROENTRIES>
								NO
							</REMOVEZEROENTRIES>
							<LEDGERFROMITEM>
								NO
							</LEDGERFROMITEM>
							<ISDEEMEDPOSITIVE>NO</ISDEEMEDPOSITIVE>
							<AMOUNT>28.78</AMOUNT>
							</ALLLEDGERENTRIES.LIST>