<ALLLEDGERENTRIES.LIST>
							<LEDGERNAME>AMAN KUMAR</LEDGERNAME>
							<REMOVEZEROENTRIES>
								NO
							</REMOVEZEROENTRIES>
							<LEDGERFROMITEM>
								NO
							</LEDGERFROMITEM>
							<ISDEEMEDPOSITIVE>NO</ISDEEMEDPOSITIVE>
							<AMOUNT>280.0</AMOUNT>
							</ALLLEDGERENTRIES.LIST>