<ALLLEDGERENTRIES.LIST>
							<LEDGERNAME>BHOLA STORE</LEDGERNAME>
							<REMOVEZEROENTRIES>
								NO
							</REMOVEZEROENTRIES>
							<LEDGERFROMITEM>
								NO
							</LEDGERFROMITEM>
							<ISDEEMEDPOSITIVE>YES</ISDEEMEDPOSITIVE>
							<AMOUNT>-230.0</AMOUNT>
							</ALLLEDGERENTRIES.LIST>