<ALLLEDGERENTRIES.LIST>
							<LEDGERNAME>SARASWATI MARBLE</LEDGERNAME>
							<REMOVEZEROENTRIES>
								NO
							</REMOVEZEROENTRIES>
							<LEDGERFROMITEM>
								NO
							</LEDGERFROMITEM>
							<ISDEEMEDPOSITIVE>YES</ISDEEMEDPOSITIVE>
							<AMOUNT>-7174.0</AMOUNT>
							</ALLLEDGERENTRIES.LIST>