<ALLLEDGERENTRIES.LIST>
							<LEDGERNAME>RAHUL PANDEY</LEDGERNAME>
							<REMOVEZEROENTRIES>
								NO
							</REMOVEZEROENTRIES>
							<LEDGERFROMITEM>
								NO
							</LEDGERFROMITEM>
							<ISDEEMEDPOSITIVE>YES</ISDEEMEDPOSITIVE>
							<AMOUNT>-20.0</AMOUNT>
							</ALLLEDGERENTRIES.LIST>