<ALLLEDGERENTRIES.LIST>
							<LEDGERNAME>SONU PRADHAN</LEDGERNAME>
							<REMOVEZEROENTRIES>
								NO
							</REMOVEZEROENTRIES>
							<LEDGERFROMITEM>
								NO
							</LEDGERFROMITEM>
							<ISDEEMEDPOSITIVE>NO</ISDEEMEDPOSITIVE>
							<AMOUNT>200.0</AMOUNT>
							</ALLLEDGERENTRIES.LIST>