<ALLLEDGERENTRIES.LIST>
							<LEDGERNAME>BANK CHARGES</LEDGERNAME>
							<REMOVEZEROENTRIES>
								NO
							</REMOVEZEROENTRIES>
							<LEDGERFROMITEM>
								NO
							</LEDGERFROMITEM>
							<ISDEEMEDPOSITIVE>YES</ISDEEMEDPOSITIVE>
							<AMOUNT>-40.0</AMOUNT>
							</ALLLEDGERENTRIES.LIST>