<ALLLEDGERENTRIES.LIST>
							<LEDGERNAME>VIVEK KUMAR</LEDGERNAME>
							<REMOVEZEROENTRIES>
								NO
							</REMOVEZEROENTRIES>
							<LEDGERFROMITEM>
								NO
							</LEDGERFROMITEM>
							<ISDEEMEDPOSITIVE>NO</ISDEEMEDPOSITIVE>
							<AMOUNT>37000.0</AMOUNT>
							</ALLLEDGERENTRIES.LIST>