<ALLLEDGERENTRIES.LIST>
							<LEDGERNAME>DINESH KUMAR CHOU</LEDGERNAME>
							<REMOVEZEROENTRIES>
								NO
							</REMOVEZEROENTRIES>
							<LEDGERFROMITEM>
								NO
							</LEDGERFROMITEM>
							<ISDEEMEDPOSITIVE>YES</ISDEEMEDPOSITIVE>
							<AMOUNT>-105.0</AMOUNT>
							</ALLLEDGERENTRIES.LIST>