<ALLLEDGERENTRIES.LIST>
							<LEDGERNAME>SATYAM SHEKHAR</LEDGERNAME>
							<REMOVEZEROENTRIES>
								NO
							</REMOVEZEROENTRIES>
							<LEDGERFROMITEM>
								NO
							</LEDGERFROMITEM>
							<ISDEEMEDPOSITIVE>YES</ISDEEMEDPOSITIVE>
							<AMOUNT>-90005.9</AMOUNT>
							</ALLLEDGERENTRIES.LIST>