<ALLLEDGERENTRIES.LIST>
							<LEDGERNAME>FLIGHT </LEDGERNAME>
							<REMOVEZEROENTRIES>
								NO
							</REMOVEZEROENTRIES>
							<LEDGERFROMITEM>
								NO
							</LEDGERFROMITEM>
							<ISDEEMEDPOSITIVE>YES</ISDEEMEDPOSITIVE>
							<AMOUNT>-13812.0</AMOUNT>
							</ALLLEDGERENTRIES.LIST>