<ALLLEDGERENTRIES.LIST>
							<LEDGERNAME>IPD Income</LEDGERNAME>
							<REMOVEZEROENTRIES>
								NO
							</REMOVEZEROENTRIES>
							<LEDGERFROMITEM>
								NO
							</LEDGERFROMITEM>
							<ISDEEMEDPOSITIVE>NO</ISDEEMEDPOSITIVE>
							<AMOUNT>16235.34</AMOUNT>
							</ALLLEDGERENTRIES.LIST>