<ALLLEDGERENTRIES.LIST>
							<LEDGERNAME>JANKI</LEDGERNAME>
							<REMOVEZEROENTRIES>
								NO
							</REMOVEZEROENTRIES>
							<LEDGERFROMITEM>
								NO
							</LEDGERFROMITEM>
							<ISDEEMEDPOSITIVE>YES</ISDEEMEDPOSITIVE>
							<AMOUNT>-11999.0</AMOUNT>
							</ALLLEDGERENTRIES.LIST>