<ALLLEDGERENTRIES.LIST>
							<LEDGERNAME>SUDEEP  GHOSH</LEDGERNAME>
							<REMOVEZEROENTRIES>
								NO
							</REMOVEZEROENTRIES>
							<LEDGERFROMITEM>
								NO
							</LEDGERFROMITEM>
							<ISDEEMEDPOSITIVE>NO</ISDEEMEDPOSITIVE>
							<AMOUNT>39980.0</AMOUNT>
							</ALLLEDGERENTRIES.LIST>