<ALLLEDGERENTRIES.LIST>
							<LEDGERNAME>DIPU YADA</LEDGERNAME>
							<REMOVEZEROENTRIES>
								NO
							</REMOVEZEROENTRIES>
							<LEDGERFROMITEM>
								NO
							</LEDGERFROMITEM>
							<ISDEEMEDPOSITIVE>YES</ISDEEMEDPOSITIVE>
							<AMOUNT>-66634.0</AMOUNT>
							</ALLLEDGERENTRIES.LIST>