<ALLLEDGERENTRIES.LIST>
							<LEDGERNAME>RK MOBILE AND ACCESSORIES</LEDGERNAME>
							<REMOVEZEROENTRIES>
								NO
							</REMOVEZEROENTRIES>
							<LEDGERFROMITEM>
								NO
							</LEDGERFROMITEM>
							<ISDEEMEDPOSITIVE>NO</ISDEEMEDPOSITIVE>
							<AMOUNT>50000.0</AMOUNT>
							</ALLLEDGERENTRIES.LIST>