<ALLLEDGERENTRIES.LIST>
							<LEDGERNAME>SUMIT KUMAR</LEDGERNAME>
							<REMOVEZEROENTRIES>
								NO
							</REMOVEZEROENTRIES>
							<LEDGERFROMITEM>
								NO
							</LEDGERFROMITEM>
							<ISDEEMEDPOSITIVE>YES</ISDEEMEDPOSITIVE>
							<AMOUNT>-29800.0</AMOUNT>
							</ALLLEDGERENTRIES.LIST>