<ALLLEDGERENTRIES.LIST>
							<LEDGERNAME>PAYAL KUMARI</LEDGERNAME>
							<REMOVEZEROENTRIES>
								NO
							</REMOVEZEROENTRIES>
							<LEDGERFROMITEM>
								NO
							</LEDGERFROMITEM>
							<ISDEEMEDPOSITIVE>YES</ISDEEMEDPOSITIVE>
							<AMOUNT>-15005.9</AMOUNT>
							</ALLLEDGERENTRIES.LIST>