<ALLLEDGERENTRIES.LIST>
							<LEDGERNAME>MAHESH KUMAR GUPTA</LEDGERNAME>
							<REMOVEZEROENTRIES>
								NO
							</REMOVEZEROENTRIES>
							<LEDGERFROMITEM>
								NO
							</LEDGERFROMITEM>
							<ISDEEMEDPOSITIVE>NO</ISDEEMEDPOSITIVE>
							<AMOUNT>150.0</AMOUNT>
							</ALLLEDGERENTRIES.LIST>