<ALLLEDGERENTRIES.LIST>
							<LEDGERNAME>OMKAR SHARMA</LEDGERNAME>
							<REMOVEZEROENTRIES>
								NO
							</REMOVEZEROENTRIES>
							<LEDGERFROMITEM>
								NO
							</LEDGERFROMITEM>
							<ISDEEMEDPOSITIVE>YES</ISDEEMEDPOSITIVE>
							<AMOUNT>-5000.0</AMOUNT>
							</ALLLEDGERENTRIES.LIST>