<ALLLEDGERENTRIES.LIST>
							<LEDGERNAME>SANDEEP GHOSH</LEDGERNAME>
							<REMOVEZEROENTRIES>
								NO
							</REMOVEZEROENTRIES>
							<LEDGERFROMITEM>
								NO
							</LEDGERFROMITEM>
							<ISDEEMEDPOSITIVE>NO</ISDEEMEDPOSITIVE>
							<AMOUNT>500000.0</AMOUNT>
							</ALLLEDGERENTRIES.LIST>