<ALLLEDGERENTRIES.LIST>
							<LEDGERNAME>MAHESH KUMAR GUPTA</LEDGERNAME>
							<REMOVEZEROENTRIES>
								NO
							</REMOVEZEROENTRIES>
							<LEDGERFROMITEM>
								NO
							</LEDGERFROMITEM>
							<ISDEEMEDPOSITIVE>YES</ISDEEMEDPOSITIVE>
							<AMOUNT>-600.0</AMOUNT>
							</ALLLEDGERENTRIES.LIST>