<ALLLEDGERENTRIES.LIST>
							<LEDGERNAME>MOBILE &amp; INTERNET</LEDGERNAME>
							<REMOVEZEROENTRIES>
								NO
							</REMOVEZEROENTRIES>
							<LEDGERFROMITEM>
								NO
							</LEDGERFROMITEM>
							<ISDEEMEDPOSITIVE>YES</ISDEEMEDPOSITIVE>
							<AMOUNT>-19.0</AMOUNT>
							</ALLLEDGERENTRIES.LIST>