<ALLLEDGERENTRIES.LIST>
							<LEDGERNAME>DRAWINGS</LEDGERNAME>
							<REMOVEZEROENTRIES>
								NO
							</REMOVEZEROENTRIES>
							<LEDGERFROMITEM>
								NO
							</LEDGERFROMITEM>
							<ISDEEMEDPOSITIVE>YES</ISDEEMEDPOSITIVE>
							<AMOUNT>-320.0</AMOUNT>
							</ALLLEDGERENTRIES.LIST>