<ALLLEDGERENTRIES.LIST>
							<LEDGERNAME>ANUJ KUMAR</LEDGERNAME>
							<REMOVEZEROENTRIES>
								NO
							</REMOVEZEROENTRIES>
							<LEDGERFROMITEM>
								NO
							</LEDGERFROMITEM>
							<ISDEEMEDPOSITIVE>YES</ISDEEMEDPOSITIVE>
							<AMOUNT>-18005.9</AMOUNT>
							</ALLLEDGERENTRIES.LIST>