<ALLLEDGERENTRIES.LIST>
							<LEDGERNAME>PRO CHARGES (REF. BY DR. RASHMI)</LEDGERNAME>
							<REMOVEZEROENTRIES>
								NO
							</REMOVEZEROENTRIES>
							<LEDGERFROMITEM>
								NO
							</LEDGERFROMITEM>
							<ISDEEMEDPOSITIVE>NO</ISDEEMEDPOSITIVE>
							<AMOUNT>1843</AMOUNT>
							</ALLLEDGERENTRIES.LIST>