<ALLLEDGERENTRIES.LIST>
							<LEDGERNAME>OPD CONSULTANCY FEES(DR. RASHMI)</LEDGERNAME>
							<REMOVEZEROENTRIES>
								NO
							</REMOVEZEROENTRIES>
							<LEDGERFROMITEM>
								NO
							</LEDGERFROMITEM>
							<ISDEEMEDPOSITIVE>NO</ISDEEMEDPOSITIVE>
							<AMOUNT>500</AMOUNT>
							</ALLLEDGERENTRIES.LIST>