<ALLLEDGERENTRIES.LIST>
							<LEDGERNAME>Clinic Pharmacy Sale (REF. BY DR. RASHMI)</LEDGERNAME>
							<REMOVEZEROENTRIES>
								NO
							</REMOVEZEROENTRIES>
							<LEDGERFROMITEM>
								NO
							</LEDGERFROMITEM>
							<ISDEEMEDPOSITIVE>NO</ISDEEMEDPOSITIVE>
							<AMOUNT>1328</AMOUNT>
							</ALLLEDGERENTRIES.LIST>