<ALLLEDGERENTRIES.LIST>
							<LEDGERNAME>Clinic Patient Dr. Rashmi</LEDGERNAME>
							<REMOVEZEROENTRIES>
								NO
							</REMOVEZEROENTRIES>
							<LEDGERFROMITEM>
								NO
							</LEDGERFROMITEM>
							<ISDEEMEDPOSITIVE>NO</ISDEEMEDPOSITIVE>
							<AMOUNT>165</AMOUNT>
							</ALLLEDGERENTRIES.LIST>