<ALLLEDGERENTRIES.LIST>
							<LEDGERNAME>Clinic Patient Dr. Rashmi</LEDGERNAME>
							<REMOVEZEROENTRIES>
								NO
							</REMOVEZEROENTRIES>
							<LEDGERFROMITEM>
								NO
							</LEDGERFROMITEM>
							<ISDEEMEDPOSITIVE>YES</ISDEEMEDPOSITIVE>
							<AMOUNT>-3574</AMOUNT>
							</ALLLEDGERENTRIES.LIST>