<ALLLEDGERENTRIES.LIST>
							<LEDGERNAME>Suspense</LEDGERNAME>
							<REMOVEZEROENTRIES>
								NO
							</REMOVEZEROENTRIES>
							<LEDGERFROMITEM>
								NO
							</LEDGERFROMITEM>
							<ISDEEMEDPOSITIVE>NO</ISDEEMEDPOSITIVE>
							<AMOUNT>45544.0</AMOUNT>
							</ALLLEDGERENTRIES.LIST>