<ALLLEDGERENTRIES.LIST>
							<LEDGERNAME>ICICI Bank (A/C No. 115005500556)</LEDGERNAME>
							<REMOVEZEROENTRIES>
								NO
							</REMOVEZEROENTRIES>
							<LEDGERFROMITEM>
								NO
							</LEDGERFROMITEM>
							<ISDEEMEDPOSITIVE>YES</ISDEEMEDPOSITIVE>
							<AMOUNT>-31665.0</AMOUNT>
							</ALLLEDGERENTRIES.LIST>