<ALLLEDGERENTRIES.LIST>
							<LEDGERNAME>Suspense</LEDGERNAME>
							<REMOVEZEROENTRIES>
								NO
							</REMOVEZEROENTRIES>
							<LEDGERFROMITEM>
								NO
							</LEDGERFROMITEM>
							<ISDEEMEDPOSITIVE>YES</ISDEEMEDPOSITIVE>
							<AMOUNT>-4009.64</AMOUNT>
							</ALLLEDGERENTRIES.LIST>