<ALLLEDGERENTRIES.LIST>
							<LEDGERNAME>FUEL &amp; DIESEL</LEDGERNAME>
							<REMOVEZEROENTRIES>
								NO
							</REMOVEZEROENTRIES>
							<LEDGERFROMITEM>
								NO
							</LEDGERFROMITEM>
							<ISDEEMEDPOSITIVE>YES</ISDEEMEDPOSITIVE>
							<AMOUNT>-2174.0</AMOUNT>
							</ALLLEDGERENTRIES.LIST>