<ALLLEDGERENTRIES.LIST>
							<LEDGERNAME>SUNNY LAKRA</LEDGERNAME>
							<REMOVEZEROENTRIES>
								NO
							</REMOVEZEROENTRIES>
							<LEDGERFROMITEM>
								NO
							</LEDGERFROMITEM>
							<ISDEEMEDPOSITIVE>NO</ISDEEMEDPOSITIVE>
							<AMOUNT>2000.0</AMOUNT>
							</ALLLEDGERENTRIES.LIST>