<ALLLEDGERENTRIES.LIST>
							<LEDGERNAME>SANDEEP GHOSH</LEDGERNAME>
							<REMOVEZEROENTRIES>
								NO
							</REMOVEZEROENTRIES>
							<LEDGERFROMITEM>
								NO
							</LEDGERFROMITEM>
							<ISDEEMEDPOSITIVE>YES</ISDEEMEDPOSITIVE>
							<AMOUNT>-3290.0</AMOUNT>
							</ALLLEDGERENTRIES.LIST>