<ALLLEDGERENTRIES.LIST>
							<LEDGERNAME>TMT CHARGES(REF- BY DR- ANUPAM)</LEDGERNAME>
							<REMOVEZEROENTRIES>
								NO
							</REMOVEZEROENTRIES>
							<LEDGERFROMITEM>
								NO
							</LEDGERFROMITEM>
							<ISDEEMEDPOSITIVE>NO</ISDEEMEDPOSITIVE>
							<AMOUNT>1700</AMOUNT>
							</ALLLEDGERENTRIES.LIST>