<ALLLEDGERENTRIES.LIST>
							<LEDGERNAME>DEEPAK KUMAR</LEDGERNAME>
							<REMOVEZEROENTRIES>
								NO
							</REMOVEZEROENTRIES>
							<LEDGERFROMITEM>
								NO
							</LEDGERFROMITEM>
							<ISDEEMEDPOSITIVE>YES</ISDEEMEDPOSITIVE>
							<AMOUNT>-40000.0</AMOUNT>
							</ALLLEDGERENTRIES.LIST>