<ALLLEDGERENTRIES.LIST>
							<LEDGERNAME>BABLU KUMAR</LEDGERNAME>
							<REMOVEZEROENTRIES>
								NO
							</REMOVEZEROENTRIES>
							<LEDGERFROMITEM>
								NO
							</LEDGERFROMITEM>
							<ISDEEMEDPOSITIVE>NO</ISDEEMEDPOSITIVE>
							<AMOUNT>20.0</AMOUNT>
							</ALLLEDGERENTRIES.LIST>