<ALLLEDGERENTRIES.LIST>
							<LEDGERNAME>UDAY KUMAR</LEDGERNAME>
							<REMOVEZEROENTRIES>
								NO
							</REMOVEZEROENTRIES>
							<LEDGERFROMITEM>
								NO
							</LEDGERFROMITEM>
							<ISDEEMEDPOSITIVE>YES</ISDEEMEDPOSITIVE>
							<AMOUNT>-36650.0</AMOUNT>
							</ALLLEDGERENTRIES.LIST>