<ALLLEDGERENTRIES.LIST>
							<LEDGERNAME>SUDEEP  GHOSH</LEDGERNAME>
							<REMOVEZEROENTRIES>
								NO
							</REMOVEZEROENTRIES>
							<LEDGERFROMITEM>
								NO
							</LEDGERFROMITEM>
							<ISDEEMEDPOSITIVE>YES</ISDEEMEDPOSITIVE>
							<AMOUNT>-18000.0</AMOUNT>
							</ALLLEDGERENTRIES.LIST>