<ALLLEDGERENTRIES.LIST>
							<LEDGERNAME>AJAY SINGH</LEDGERNAME>
							<REMOVEZEROENTRIES>
								NO
							</REMOVEZEROENTRIES>
							<LEDGERFROMITEM>
								NO
							</LEDGERFROMITEM>
							<ISDEEMEDPOSITIVE>NO</ISDEEMEDPOSITIVE>
							<AMOUNT>4000.0</AMOUNT>
							</ALLLEDGERENTRIES.LIST>