<ALLLEDGERENTRIES.LIST>
							<LEDGERNAME>PRO CHARGES (REF- BY DR- RASHMI)</LEDGERNAME>
							<REMOVEZEROENTRIES>
								NO
							</REMOVEZEROENTRIES>
							<LEDGERFROMITEM>
								NO
							</LEDGERFROMITEM>
							<ISDEEMEDPOSITIVE>NO</ISDEEMEDPOSITIVE>
							<AMOUNT>70</AMOUNT>
							</ALLLEDGERENTRIES.LIST>