<ALLLEDGERENTRIES.LIST>
							<LEDGERNAME>LAB CHARGES(REF- BY DR- RASHMI)</LEDGERNAME>
							<REMOVEZEROENTRIES>
								NO
							</REMOVEZEROENTRIES>
							<LEDGERFROMITEM>
								NO
							</LEDGERFROMITEM>
							<ISDEEMEDPOSITIVE>YES</ISDEEMEDPOSITIVE>
							<AMOUNT>0</AMOUNT>
							</ALLLEDGERENTRIES.LIST>